<collection xmlns="http://www.loc.gov/MARC21/slim">
<record>
  <leader>00576nz  a2200145n  4500</leader>
  <controlfield tag="001">11257809</controlfield>
  <controlfield tag="003">DLC</controlfield>
  <controlfield tag="005">20200103073024.0</controlfield>
  <controlfield tag="008">200102n| azannaabn          |n aaa     c</controlfield>
  <datafield tag="010" ind1=" " ind2=" ">
    <subfield code="a">no2020000442</subfield>
  </datafield>
  <datafield tag="035" ind1=" " ind2=" ">
    <subfield code="a">(OCoLC)oca12668423</subfield>
  </datafield>
  <datafield tag="040" ind1=" " ind2=" ">
    <subfield code="a">MsSM</subfield>
    <subfield code="b">eng</subfield>
    <subfield code="e">rda</subfield>
    <subfield code="c">MsSM</subfield>
  </datafield>
  <datafield tag="100" ind1="1" ind2=" ">
    <subfield code="a">Baldanzi, Jessica</subfield>
  </datafield>
  <datafield tag="373" ind1=" " ind2=" ">
    <subfield code="a">Goshen College</subfield>
    <subfield code="a">Indiana University</subfield>
    <subfield code="2">naf</subfield>
  </datafield>
  <datafield tag="670" ind1=" " ind2=" ">
    <subfield code="a">Ms. Marvel&apos;s America, 2020:</subfield>
    <subfield code="b">ECIP title page and editors (edited by Jessica Baldanzi and Hussein Rashid...Jessica Baldanzi is a professor of English at Goshen College; she earned her PhD from Indiana University Bloomington)</subfield>
  </datafield>
</record>