
<record>
  <leader>00640nz  a2200193n  4500</leader>
  <controlfield tag="001">11257810</controlfield>
  <controlfield tag="003">DLC</controlfield>
  <controlfield tag="005">20200103073024.0</controlfield>
  <controlfield tag="008">200102n| azannaabn          |b ana     c</controlfield>
  <datafield tag="010" ind1=" " ind2=" ">
    <subfield code="a">no2020000443</subfield>
  </datafield>
  <datafield tag="035" ind1=" " ind2=" ">
    <subfield code="a">(OCoLC)oca12668424</subfield>
  </datafield>
  <datafield tag="040" ind1=" " ind2=" ">
    <subfield code="a">InU</subfield>
    <subfield code="b">eng</subfield>
    <subfield code="e">rda</subfield>
    <subfield code="c">InU</subfield>
  </datafield>
  <datafield tag="110" ind1="2" ind2=" ">
    <subfield code="a">Orenburgskoe knizhnoe agentstvo &quot;ChAS&quot;</subfield>
  </datafield>
  <datafield tag="370" ind1=" " ind2=" ">
    <subfield code="e">Orenburg (Russia)</subfield>
    <subfield code="2">naf</subfield>
  </datafield>
  <datafield tag="372" ind1=" " ind2=" ">
    <subfield code="a">Publishers and publishing</subfield>
    <subfield code="2">lcsh</subfield>
  </datafield>
  <datafield tag="377" ind1=" " ind2=" ">
    <subfield code="a">rus</subfield>
  </datafield>
  <datafield tag="410" ind1="2" ind2=" ">
    <subfield code="a">Оренбургское книжное агентство &quot;ЧАС&quot;</subfield>
  </datafield>
  <datafield tag="667" ind1=" " ind2=" ">
    <subfield code="a">Non-Latin script reference not evaluated.</subfield>
  </datafield>
  <datafield tag="670" ind1=" " ind2=" ">
    <subfield code="a">Plemi︠a︡shi, 2017:</subfield>
    <subfield code="b">title page (Orenburgskoe knizhnoe agentstvo &quot;ChAS&quot;)</subfield>
  </datafield>
</record>