
<record>
  <leader>00626nz  a2200169n  4500</leader>
  <controlfield tag="001">11257813</controlfield>
  <controlfield tag="003">DLC</controlfield>
  <controlfield tag="005">20200103073024.0</controlfield>
  <controlfield tag="008">200102n| azannaabn          |a aaa     c</controlfield>
  <datafield tag="010" ind1=" " ind2=" ">
    <subfield code="a">no2020000453</subfield>
  </datafield>
  <datafield tag="035" ind1=" " ind2=" ">
    <subfield code="a">(OCoLC)oca12668434</subfield>
  </datafield>
  <datafield tag="040" ind1=" " ind2=" ">
    <subfield code="a">WaU</subfield>
    <subfield code="b">eng</subfield>
    <subfield code="e">rda</subfield>
    <subfield code="c">WaU</subfield>
  </datafield>
  <datafield tag="100" ind1="0" ind2=" ">
    <subfield code="a">Fuzulî,</subfield>
    <subfield code="d">1495?-1556.</subfield>
    <subfield code="t">Ṣiḥḥat va maraz̤.</subfield>
    <subfield code="l">Turkish (Ottoman Turkish)</subfield>
    <subfield code="s">(Mehmet Lebip)</subfield>
  </datafield>
  <datafield tag="377" ind1=" " ind2=" ">
    <subfield code="a">ota</subfield>
  </datafield>
  <datafield tag="400" ind1="0" ind2=" ">
    <subfield code="a">Fuzulî,</subfield>
    <subfield code="d">1495?-1556.</subfield>
    <subfield code="t">Risale-yi sıhhat ve maraz</subfield>
  </datafield>
  <datafield tag="500" ind1="0" ind2=" ">
    <subfield code="w">r</subfield>
    <subfield code="i">Translator:</subfield>
    <subfield code="a">Mehmet Lebip,</subfield>
    <subfield code="d">1785-1867</subfield>
  </datafield>
  <datafield tag="670" ind1=" " ind2=" ">
    <subfield code="a">Rûhun yolculuğu, 2018:</subfield>
    <subfield code="b">page 115 (translation by Mehmed Lebîb Efendi) page 160 (Risale-yi sıhhat ve maraz)</subfield>
  </datafield>
</record>