
<record>
  <leader>01211nz  a2200217n  4500</leader>
  <controlfield tag="001">11257818</controlfield>
  <controlfield tag="003">DLC</controlfield>
  <controlfield tag="005">20200103073024.0</controlfield>
  <controlfield tag="008">200102n| azannaabn          |a aaa     c</controlfield>
  <datafield tag="010" ind1=" " ind2=" ">
    <subfield code="a">no2020000482</subfield>
  </datafield>
  <datafield tag="035" ind1=" " ind2=" ">
    <subfield code="a">(OCoLC)oca12668463</subfield>
  </datafield>
  <datafield tag="040" ind1=" " ind2=" ">
    <subfield code="a">IC</subfield>
    <subfield code="b">eng</subfield>
    <subfield code="e">rda</subfield>
    <subfield code="c">IC</subfield>
  </datafield>
  <datafield tag="046" ind1=" " ind2=" ">
    <subfield code="f">1923-06-02</subfield>
    <subfield code="g">2013-01-12</subfield>
    <subfield code="2">edtf</subfield>
  </datafield>
  <datafield tag="100" ind1="1" ind2=" ">
    <subfield code="a">Cullerton, Bill,</subfield>
    <subfield code="d">1923-2013</subfield>
  </datafield>
  <datafield tag="370" ind1=" " ind2=" ">
    <subfield code="e">Austin (Chicago, Ill.)</subfield>
    <subfield code="e">Elmhurst (Ill.)</subfield>
    <subfield code="f">Steeple Morden (England)</subfield>
    <subfield code="2">naf</subfield>
  </datafield>
  <datafield tag="372" ind1=" " ind2=" ">
    <subfield code="a">Fishing</subfield>
    <subfield code="a">Sporting goods industry</subfield>
    <subfield code="2">lcsh</subfield>
  </datafield>
  <datafield tag="374" ind1=" " ind2=" ">
    <subfield code="a">Fighter pilots</subfield>
    <subfield code="2">lcsh</subfield>
    <subfield code="s">1942</subfield>
    <subfield code="t">1945</subfield>
  </datafield>
  <datafield tag="374" ind1=" " ind2=" ">
    <subfield code="a">Sales personnel</subfield>
    <subfield code="a">Outdoorsmen</subfield>
    <subfield code="2">lcsh</subfield>
  </datafield>
  <datafield tag="400" ind1="1" ind2=" ">
    <subfield code="a">Cullerton, William J.,</subfield>
    <subfield code="d">1923-2013</subfield>
  </datafield>
  <datafield tag="670" ind1=" " ind2=" ">
    <subfield code="a">The last dragon of Steeple Morden, 2012:</subfield>
    <subfield code="b">cover (Bill Cullerton) page 3, etc. (William J. Cullerton; born June 2, 1923; grew up in Austin neighborhood of Chicago; fighter pilot active in WWII, 1942-1945; member of 355th Fighter Group out of Steeple Morden, England; after the war, worked as a sales representative for sports equipment manufacturers; outdoorsman and sport fisherman; lived in Elmhurt after discharge from the Air Force)</subfield>
  </datafield>
  <datafield tag="670" ind1=" " ind2=" ">
    <subfield code="a">Ancestry.com. U.S., Find A Grave Index, 1600s-Current, viewed Jan. 2, 2020</subfield>
    <subfield code="b">(Cullerton, William J.; died Jan. 12, 2013)</subfield>
  </datafield>
</record>