
<record>
  <leader>00885nz  a2200229n  4500</leader>
  <controlfield tag="001">11257821</controlfield>
  <controlfield tag="003">DLC</controlfield>
  <controlfield tag="005">20200103073024.0</controlfield>
  <controlfield tag="008">200102n| azannaabn          |b aaa     c</controlfield>
  <datafield tag="010" ind1=" " ind2=" ">
    <subfield code="a">no2020000511</subfield>
  </datafield>
  <datafield tag="035" ind1=" " ind2=" ">
    <subfield code="a">(OCoLC)oca12668492</subfield>
  </datafield>
  <datafield tag="040" ind1=" " ind2=" ">
    <subfield code="a">WaU</subfield>
    <subfield code="b">eng</subfield>
    <subfield code="e">rda</subfield>
    <subfield code="c">WaU</subfield>
  </datafield>
  <datafield tag="053" ind1=" " ind2="0">
    <subfield code="a">PK6561.S27</subfield>
  </datafield>
  <datafield tag="100" ind1="1" ind2=" ">
    <subfield code="a">Murād, Gawhar</subfield>
  </datafield>
  <datafield tag="400" ind1="0" ind2=" ">
    <subfield code="a">Gowhar-e Morad</subfield>
  </datafield>
  <datafield tag="400" ind1="1" ind2=" ">
    <subfield code="a">Morad, Gowhar-e</subfield>
  </datafield>
  <datafield tag="400" ind1="1" ind2=" ">
    <subfield code="a">مراد، گوهر</subfield>
  </datafield>
  <datafield tag="500" ind1="1" ind2=" ">
    <subfield code="w">r</subfield>
    <subfield code="i">Real identity:</subfield>
    <subfield code="a">Sāʻidī, Ghulām Ḥusayn</subfield>
  </datafield>
  <datafield tag="667" ind1=" " ind2=" ">
    <subfield code="a">Non-Latin script reference not evaluated.</subfield>
  </datafield>
  <datafield tag="670" ind1=" " ind2=" ">
    <subfield code="a">Chūb bi-dast&apos;hā-yi varazīl, 1965:</subfield>
    <subfield code="b">title page (گوهر مراد = Gawhar Murād)</subfield>
  </datafield>
  <datafield tag="670" ind1=" " ind2=" ">
    <subfield code="a">Info. from U.Va. 2/22/84</subfield>
    <subfield code="b">(Gawhar Murād is a pseudonym used by the author when writing plays)</subfield>
  </datafield>
  <datafield tag="670" ind1=" " ind2=" ">
    <subfield code="a">Bayz̤āʼī, B. Modern Persian drama, c1987:</subfield>
    <subfield code="b">CIP t.p. (Gowhar-e Morad) introd. (Gholam-Hoseyn Saʻedi, b. 1935 in Tabriz)</subfield>
  </datafield>
</record>