
<record>
  <leader>03197nz  a2200301n  4500</leader>
  <controlfield tag="001">11257822</controlfield>
  <controlfield tag="003">DLC</controlfield>
  <controlfield tag="005">20200103073025.0</controlfield>
  <controlfield tag="008">200102n| azannaabn          |a ana     c</controlfield>
  <datafield tag="010" ind1=" " ind2=" ">
    <subfield code="a">no2020000521</subfield>
  </datafield>
  <datafield tag="035" ind1=" " ind2=" ">
    <subfield code="a">(OCoLC)oca12668502</subfield>
  </datafield>
  <datafield tag="040" ind1=" " ind2=" ">
    <subfield code="a">WaPS</subfield>
    <subfield code="b">eng</subfield>
    <subfield code="e">rda</subfield>
    <subfield code="c">WaPS</subfield>
  </datafield>
  <datafield tag="046" ind1=" " ind2=" ">
    <subfield code="s">1987</subfield>
    <subfield code="t">1995</subfield>
    <subfield code="2">edtf</subfield>
  </datafield>
  <datafield tag="110" ind1="2" ind2=" ">
    <subfield code="a">Washington State University.</subfield>
    <subfield code="b">Department of Mechanical and Materials Engineering</subfield>
  </datafield>
  <datafield tag="368" ind1=" " ind2=" ">
    <subfield code="a">Universities and colleges--Departments</subfield>
    <subfield code="2">lcsh</subfield>
  </datafield>
  <datafield tag="370" ind1=" " ind2=" ">
    <subfield code="c">United States</subfield>
    <subfield code="e">Pullman (Wash.)</subfield>
    <subfield code="2">naf</subfield>
  </datafield>
  <datafield tag="372" ind1=" " ind2=" ">
    <subfield code="a">Mechanical engineering</subfield>
    <subfield code="a">Materials science</subfield>
    <subfield code="a">Education, Higher</subfield>
    <subfield code="2">lcsh</subfield>
  </datafield>
  <datafield tag="377" ind1=" " ind2=" ">
    <subfield code="a">eng</subfield>
  </datafield>
  <datafield tag="510" ind1="2" ind2=" ">
    <subfield code="w">r</subfield>
    <subfield code="i">Hierarchical superior:</subfield>
    <subfield code="a">Washington State University</subfield>
  </datafield>
  <datafield tag="510" ind1="2" ind2=" ">
    <subfield code="w">r</subfield>
    <subfield code="i">Component of merger:</subfield>
    <subfield code="a">Washington State University.</subfield>
    <subfield code="b">Department of Materials Science and Engineering</subfield>
  </datafield>
  <datafield tag="510" ind1="2" ind2=" ">
    <subfield code="w">r</subfield>
    <subfield code="i">Component of merger:</subfield>
    <subfield code="a">Washington State University.</subfield>
    <subfield code="b">Department of Mechanical Engineering</subfield>
  </datafield>
  <datafield tag="510" ind1="2" ind2=" ">
    <subfield code="w">r</subfield>
    <subfield code="i">Successor:</subfield>
    <subfield code="a">Washington State University.</subfield>
    <subfield code="b">School of Mechanical and Materials Engineering</subfield>
  </datafield>
  <datafield tag="670" ind1=" " ind2=" ">
    <subfield code="a">Washington State University 1987-89 bulletin, viewed Dec. 30, 2019:</subfield>
    <subfield code="b">page 125 (Department of Mechanical and Materials Engineering)</subfield>
    <subfield code="u">http://hdl.handle.net/2376/6536</subfield>
  </datafield>
  <datafield tag="670" ind1=" " ind2=" ">
    <subfield code="a">Washington State University 1985-87 bulletin, viewed Dec. 30, 2019:</subfield>
    <subfield code="b">page 260 (Department of Materials Science and Engineering) page 269 (Department of Mechanical Engineering)</subfield>
    <subfield code="u">http://hdl.handle.net/2376/6534</subfield>
  </datafield>
  <datafield tag="670" ind1=" " ind2=" ">
    <subfield code="a">Washington State University 1995 catalog, viewed Dec. 30, 2019:</subfield>
    <subfield code="b">page 153 (School of Mechanical and Materials Engineering)</subfield>
    <subfield code="u">http://hdl.handle.net/2376/6510</subfield>
  </datafield>
  <datafield tag="670" ind1=" " ind2=" ">
    <subfield code="a">School of Mechanical and Materials Engineering, Washington State University (website), viewed July 16, 2019 :</subfield>
    <subfield code="b">MME Home (The School of Mechanical and Materials Engineering at WSU has one of the largest undergraduate programs in the Pacific Northwest, with about 1000 students and 45 faculty members spread across three sister campuses (the main campus at Pullman, and sister departments at Everett, Tri-cities, and Bremerton). It is one of few schools where both Mechanical Engineering (ME) and Materials Science and Engineering (MSE) programs are offered)</subfield>
    <subfield code="u">https://mme.wsu.edu/</subfield>
  </datafield>
  <datafield tag="670" ind1=" " ind2=" ">
    <subfield code="a">Emails from Communications Director, Voiland College of Engineering and Architecture, Washington State University, Pullman, WA, July 18, 2019:</subfield>
    <subfield code="b">(Department of Mechanical and Materials Engineering is redesignated the School of Mechanical and Materials Engineering by the Board of Regents. Director: Stephen Antolovich, 1995.)</subfield>
  </datafield>
  <datafield tag="670" ind1=" " ind2=" ">
    <subfield code="a">WSU week, October 27, 1995, viewed September 18, 2019:</subfield>
    <subfield code="b">Front page (Mechanical/Materials Engineering Celebrates &apos;School&apos; Status. Mechanical and Materials Engineering School ... former department was redesignated by the WSU board of Regents last June. The school&apos;s academic offerings have grown to include eight degree programs--a  blend of sophisticated materials science, mechanical engineering, biological systems and prospective manufacturing programs. The Materials science Mechanical Engineering units joined together in 1985. Mechanical Arts was part of the university&apos;s original charter)</subfield>
    <subfield code="u">https://content.libraries.wsu.edu/digital/collection/p16866coll12/id/4320</subfield>
  </datafield>
</record>