
<record>
  <leader>00461nz  a2200157n  4500</leader>
  <controlfield tag="001">11257824</controlfield>
  <controlfield tag="003">DLC</controlfield>
  <controlfield tag="005">20200103073025.0</controlfield>
  <controlfield tag="008">200102n| azannaabn          |a aaa     c</controlfield>
  <datafield tag="010" ind1=" " ind2=" ">
    <subfield code="a">no2020000532</subfield>
  </datafield>
  <datafield tag="035" ind1=" " ind2=" ">
    <subfield code="a">(OCoLC)oca12668513</subfield>
  </datafield>
  <datafield tag="040" ind1=" " ind2=" ">
    <subfield code="a">CU</subfield>
    <subfield code="b">eng</subfield>
    <subfield code="e">rda</subfield>
    <subfield code="c">CU</subfield>
  </datafield>
  <datafield tag="100" ind1="1" ind2=" ">
    <subfield code="a">Romanes, N. H.</subfield>
    <subfield code="q">(Norman Hugh)</subfield>
  </datafield>
  <datafield tag="400" ind1="1" ind2=" ">
    <subfield code="a">Romanes, Norman Hugh</subfield>
  </datafield>
  <datafield tag="670" ind1=" " ind2=" ">
    <subfield code="a">Further notes on Lucretius, 1935:</subfield>
    <subfield code="b">t.p. (N.H. Romanes)</subfield>
  </datafield>
  <datafield tag="670" ind1=" " ind2=" ">
    <subfield code="a">OCLC, Jan. 2, 2020</subfield>
    <subfield code="b">(hdg.: Romanes, Norman Hugh)</subfield>
  </datafield>
</record>