
<record>
  <leader>00661nz  a2200193n  4500</leader>
  <controlfield tag="001">11257825</controlfield>
  <controlfield tag="003">DLC</controlfield>
  <controlfield tag="005">20200103073025.0</controlfield>
  <controlfield tag="008">200102n| azannaabn          |b aaa     c</controlfield>
  <datafield tag="010" ind1=" " ind2=" ">
    <subfield code="a">no2020000541</subfield>
  </datafield>
  <datafield tag="035" ind1=" " ind2=" ">
    <subfield code="a">(OCoLC)oca12668522</subfield>
  </datafield>
  <datafield tag="040" ind1=" " ind2=" ">
    <subfield code="a">NNC</subfield>
    <subfield code="b">eng</subfield>
    <subfield code="e">rda</subfield>
    <subfield code="c">NNC</subfield>
  </datafield>
  <datafield tag="046" ind1=" " ind2=" ">
    <subfield code="f">1964-01-01</subfield>
    <subfield code="2">edtf</subfield>
  </datafield>
  <datafield tag="100" ind1="1" ind2=" ">
    <subfield code="a">Shen, Wei,</subfield>
    <subfield code="d">1964 January 1-</subfield>
  </datafield>
  <datafield tag="370" ind1=" " ind2=" ">
    <subfield code="f">Yangzhou Shi (China)</subfield>
    <subfield code="2">naf</subfield>
  </datafield>
  <datafield tag="400" ind1="1" ind2=" ">
    <subfield code="a">申维,</subfield>
    <subfield code="d">1964 January 1-</subfield>
  </datafield>
  <datafield tag="667" ind1=" " ind2=" ">
    <subfield code="a">Non-Latin script reference not evaluated.</subfield>
  </datafield>
  <datafield tag="670" ind1=" " ind2=" ">
    <subfield code="a">Zhi xing he yi, 2018:</subfield>
    <subfield code="b">t.p. (申维 = Shen Wei)</subfield>
  </datafield>
  <datafield tag="670" ind1=" " ind2=" ">
    <subfield code="a">weibo.com, viewed Jan. 2, 2020</subfield>
    <subfield code="b">(申维 = Shen Wei; b. Jan. 1, 1964; native of Jiangsu Yangzhou; writer, screenwriter)</subfield>
  </datafield>
</record>