
<record>
  <leader>00312nz  a2200121n  4500</leader>
  <controlfield tag="001">11257826</controlfield>
  <controlfield tag="003">DLC</controlfield>
  <controlfield tag="005">20200103073104.0</controlfield>
  <controlfield tag="008">200103n| azannaabn          |n aaa      </controlfield>
  <datafield tag="010" ind1=" " ind2=" ">
    <subfield code="a">n 2020000205</subfield>
  </datafield>
  <datafield tag="040" ind1=" " ind2=" ">
    <subfield code="a">DLC</subfield>
    <subfield code="b">eng</subfield>
    <subfield code="e">rda</subfield>
    <subfield code="c">DLC</subfield>
  </datafield>
  <datafield tag="100" ind1="1" ind2=" ">
    <subfield code="a">Lahti, Ilkka</subfield>
  </datafield>
  <datafield tag="670" ind1=" " ind2=" ">
    <subfield code="a">Yhdistys ja säätiö, 2018:</subfield>
    <subfield code="b">title page (Ilkka Lahti)</subfield>
  </datafield>
</record>