
<record>
  <leader>00879cz  a2200193n  4500</leader>
  <controlfield tag="001">11257827</controlfield>
  <controlfield tag="003">DLC</controlfield>
  <controlfield tag="005">20200103073754.0</controlfield>
  <controlfield tag="008">200103n| azannaabn          |a aaa      </controlfield>
  <datafield tag="010" ind1=" " ind2=" ">
    <subfield code="a">n 2020000207</subfield>
  </datafield>
  <datafield tag="040" ind1=" " ind2=" ">
    <subfield code="a">DLC</subfield>
    <subfield code="b">eng</subfield>
    <subfield code="e">rda</subfield>
    <subfield code="c">DLC</subfield>
  </datafield>
  <datafield tag="046" ind1=" " ind2=" ">
    <subfield code="f">1944-12-12</subfield>
    <subfield code="g">2013-08-13</subfield>
    <subfield code="2">edtf</subfield>
  </datafield>
  <datafield tag="100" ind1="1" ind2=" ">
    <subfield code="a">Slejanska-Stojanoska, Stela,</subfield>
    <subfield code="d">1944-2013</subfield>
  </datafield>
  <datafield tag="370" ind1=" " ind2=" ">
    <subfield code="a">Štip (North Macedonia)</subfield>
    <subfield code="b">Skopje (North Macedonia)</subfield>
    <subfield code="2">naf</subfield>
  </datafield>
  <datafield tag="372" ind1=" " ind2=" ">
    <subfield code="a">Performing arts</subfield>
    <subfield code="a">Piano--Instruction and study</subfield>
    <subfield code="2">lcsh</subfield>
  </datafield>
  <datafield tag="374" ind1=" " ind2=" ">
    <subfield code="a">Pianists</subfield>
    <subfield code="a">Piano teachers</subfield>
    <subfield code="2">lcsh</subfield>
  </datafield>
  <datafield tag="375" ind1=" " ind2=" ">
    <subfield code="a">Females</subfield>
    <subfield code="2">lcdgt</subfield>
  </datafield>
  <datafield tag="400" ind1="1" ind2=" ">
    <subfield code="a">Stojanoska, Stela Slejanska-,</subfield>
    <subfield code="d">1944-2013</subfield>
  </datafield>
  <datafield tag="670" ind1=" " ind2=" ">
    <subfield code="a">Stela Slejanska-Stojanoska, 2015:</subfield>
    <subfield code="b">title page (Stela Slejanska-Stojanoska) page 3, etc., summary (Macedonian pianist; born Dec. 12, 1944 in Štip, Macedonia; educated in Zagreb and Paris; returned to Skopje in 1973 to start performing and teaching; died Aug. 13, 2013, Skopje)</subfield>
  </datafield>
</record>