
<record>
  <leader>00392cz  a2200133n  4500</leader>
  <controlfield tag="001">11257831</controlfield>
  <controlfield tag="003">DLC</controlfield>
  <controlfield tag="005">20200103075557.0</controlfield>
  <controlfield tag="008">200103n| azannaabn          |a aaa      </controlfield>
  <datafield tag="010" ind1=" " ind2=" ">
    <subfield code="a">n 2020000209</subfield>
  </datafield>
  <datafield tag="040" ind1=" " ind2=" ">
    <subfield code="a">DLC</subfield>
    <subfield code="b">eng</subfield>
    <subfield code="e">rda</subfield>
    <subfield code="c">DLC</subfield>
  </datafield>
  <datafield tag="100" ind1="1" ind2=" ">
    <subfield code="a">Lü, Zongli.</subfield>
    <subfield code="t">Han dai de yao yan.</subfield>
    <subfield code="l">English</subfield>
  </datafield>
  <datafield tag="400" ind1="1" ind2=" ">
    <subfield code="a">Lü, Zongli.</subfield>
    <subfield code="t">Rumor in the early Chinese empires</subfield>
  </datafield>
  <datafield tag="670" ind1=" " ind2=" ">
    <subfield code="a">Rumor in the early Chinese empires, 2020</subfield>
  </datafield>
</record>