
<record>
  <leader>00473nz  a2200145n  4500</leader>
  <controlfield tag="001">11257832</controlfield>
  <controlfield tag="003">DLC</controlfield>
  <controlfield tag="005">20200103080737.0</controlfield>
  <controlfield tag="008">200103n| azannaabn          |b aaa      </controlfield>
  <datafield tag="010" ind1=" " ind2=" ">
    <subfield code="a">n 2020000210</subfield>
  </datafield>
  <datafield tag="040" ind1=" " ind2=" ">
    <subfield code="a">DLC</subfield>
    <subfield code="b">eng</subfield>
    <subfield code="e">rda</subfield>
    <subfield code="c">DLC</subfield>
  </datafield>
  <datafield tag="100" ind1="1" ind2=" ">
    <subfield code="a">Pantić, Siniša</subfield>
  </datafield>
  <datafield tag="400" ind1="1" ind2=" ">
    <subfield code="a">Пантић, Синиша</subfield>
  </datafield>
  <datafield tag="667" ind1=" " ind2=" ">
    <subfield code="a">Non-Latin script reference not evaluated.</subfield>
  </datafield>
  <datafield tag="670" ind1=" " ind2=" ">
    <subfield code="a">Falsifikovanje i zloupotreba platnih kartica, 2019:</subfield>
    <subfield code="b">title page (Синиша Пантић = Siniša Pantić)</subfield>
  </datafield>
</record>