
<record>
  <leader>00327nz  a2200121n  4500</leader>
  <controlfield tag="001">11257833</controlfield>
  <controlfield tag="003">DLC</controlfield>
  <controlfield tag="005">20200103080738.0</controlfield>
  <controlfield tag="008">200103n| azannaabn          |n aaa      </controlfield>
  <datafield tag="010" ind1=" " ind2=" ">
    <subfield code="a">n 2020000211</subfield>
  </datafield>
  <datafield tag="040" ind1=" " ind2=" ">
    <subfield code="a">DLC</subfield>
    <subfield code="b">eng</subfield>
    <subfield code="e">rda</subfield>
    <subfield code="c">DLC</subfield>
  </datafield>
  <datafield tag="100" ind1="1" ind2=" ">
    <subfield code="a">Mäkikylä, Sanna</subfield>
  </datafield>
  <datafield tag="670" ind1=" " ind2=" ">
    <subfield code="a">Työelämän lait 2019, 2019:</subfield>
    <subfield code="b">title page (Sanna Mäkikylä)</subfield>
  </datafield>
</record>