
<record>
  <leader>00914nz  a2200193n  4500</leader>
  <controlfield tag="001">11257834</controlfield>
  <controlfield tag="003">DLC</controlfield>
  <controlfield tag="005">20200103080927.0</controlfield>
  <controlfield tag="008">200103n| azannaabn          |n aaa      </controlfield>
  <datafield tag="010" ind1=" " ind2=" ">
    <subfield code="a">n 2020000212</subfield>
  </datafield>
  <datafield tag="040" ind1=" " ind2=" ">
    <subfield code="a">DLC</subfield>
    <subfield code="b">eng</subfield>
    <subfield code="e">rda</subfield>
    <subfield code="c">DLC</subfield>
  </datafield>
  <datafield tag="046" ind1=" " ind2=" ">
    <subfield code="f">1881</subfield>
    <subfield code="g">1942</subfield>
    <subfield code="2">edtf</subfield>
  </datafield>
  <datafield tag="100" ind1="1" ind2=" ">
    <subfield code="a">Kobyli︠a︡nskiĭ, Aleksandr Nikolaevich,</subfield>
    <subfield code="d">1881-1942</subfield>
  </datafield>
  <datafield tag="370" ind1=" " ind2=" ">
    <subfield code="c">Russia</subfield>
    <subfield code="f">Soviet Union</subfield>
    <subfield code="2">naf</subfield>
  </datafield>
  <datafield tag="372" ind1=" " ind2=" ">
    <subfield code="a">Composition (Music)</subfield>
    <subfield code="a">Performing arts</subfield>
    <subfield code="2">lcsh</subfield>
  </datafield>
  <datafield tag="374" ind1=" " ind2=" ">
    <subfield code="a">Composers</subfield>
    <subfield code="a">Pianists</subfield>
    <subfield code="2">lcsh</subfield>
  </datafield>
  <datafield tag="375" ind1=" " ind2=" ">
    <subfield code="a">Males</subfield>
    <subfield code="2">lcdgt</subfield>
  </datafield>
  <datafield tag="670" ind1=" " ind2=" ">
    <subfield code="a">Semʹ oktavnykh ėti︠u︡dov, 1938:</subfield>
    <subfield code="b">title page (Aleksandr Kobyli︠a︡nskiĭ)</subfield>
  </datafield>
  <datafield tag="670" ind1=" " ind2=" ">
    <subfield code="a">Nastavnik A.B. Goldenveĭzer glazami sovremennikov, 2017, viewed online, Google books Jan. 3, 2020</subfield>
    <subfield code="b">(Index, page 496. Кобылянский Александр Николаевич (1881-1942), пианист, композитор = [Kobyli︠a︡nskiĭ Aleksandr Nikolaevich (1881-1942) - pianist, composer])</subfield>
  </datafield>
</record>