
<record>
  <leader>00338cz  a2200121n  4500</leader>
  <controlfield tag="001">11257835</controlfield>
  <controlfield tag="003">DLC</controlfield>
  <controlfield tag="005">20200103081717.0</controlfield>
  <controlfield tag="008">200103n| azannaabn          |n aaa      </controlfield>
  <datafield tag="010" ind1=" " ind2=" ">
    <subfield code="a">n 2020000213</subfield>
  </datafield>
  <datafield tag="040" ind1=" " ind2=" ">
    <subfield code="a">DLC</subfield>
    <subfield code="b">eng</subfield>
    <subfield code="e">rda</subfield>
    <subfield code="c">DLC</subfield>
  </datafield>
  <datafield tag="100" ind1="1" ind2=" ">
    <subfield code="a">Jansson, Märit</subfield>
  </datafield>
  <datafield tag="670" ind1=" " ind2=" ">
    <subfield code="a">Urban open space governance and management, 2020:</subfield>
    <subfield code="b">title page (Märit Jansson)</subfield>
  </datafield>
</record>