
<record>
  <leader>00386nz  a2200133n  4500</leader>
  <controlfield tag="001">11257836</controlfield>
  <controlfield tag="003">DLC</controlfield>
  <controlfield tag="005">20200103082021.0</controlfield>
  <controlfield tag="008">200103n| azannaabn           a aaa      </controlfield>
  <datafield tag="010" ind1=" " ind2=" ">
    <subfield code="a">n 2020000214</subfield>
  </datafield>
  <datafield tag="040" ind1=" " ind2=" ">
    <subfield code="a">DLC</subfield>
    <subfield code="b">eng</subfield>
    <subfield code="e">rda</subfield>
    <subfield code="c">DLC</subfield>
  </datafield>
  <datafield tag="100" ind1="1" ind2=" ">
    <subfield code="a">Adams, Ansel,</subfield>
    <subfield code="d">1902-1984.</subfield>
    <subfield code="t">Photographs.</subfield>
    <subfield code="k">Selections</subfield>
  </datafield>
  <datafield tag="400" ind1="1" ind2=" ">
    <subfield code="a">Adams, Ansel,</subfield>
    <subfield code="d">1902-1984.</subfield>
    <subfield code="t">Ansel Adams&apos; Yosemite</subfield>
  </datafield>
  <datafield tag="670" ind1=" " ind2=" ">
    <subfield code="a">Ansel Adams&apos; Yosemite, 2019</subfield>
  </datafield>
</record>