
<record>
  <leader>00680nz  a2200169n  4500</leader>
  <controlfield tag="001">11257837</controlfield>
  <controlfield tag="003">DLC</controlfield>
  <controlfield tag="005">20200103082113.0</controlfield>
  <controlfield tag="008">200103n| azannaabn          |a aaa      </controlfield>
  <datafield tag="010" ind1=" " ind2=" ">
    <subfield code="a">n 2020000215</subfield>
  </datafield>
  <datafield tag="040" ind1=" " ind2=" ">
    <subfield code="a">DLC</subfield>
    <subfield code="b">eng</subfield>
    <subfield code="e">rda</subfield>
    <subfield code="c">DLC</subfield>
  </datafield>
  <datafield tag="100" ind1="1" ind2=" ">
    <subfield code="a">Kobyli︠a︡nskiĭ, Aleksandr Nikolaevich,</subfield>
    <subfield code="d">1881-1942.</subfield>
    <subfield code="t">Oktavnye ėti︠u︡dy</subfield>
  </datafield>
  <datafield tag="380" ind1=" " ind2=" ">
    <subfield code="a">Studies (Music)</subfield>
    <subfield code="2">lcgft</subfield>
  </datafield>
  <datafield tag="382" ind1="0" ind2=" ">
    <subfield code="a">piano</subfield>
    <subfield code="n">1</subfield>
    <subfield code="s">1</subfield>
    <subfield code="2">lcmpt</subfield>
  </datafield>
  <datafield tag="400" ind1="1" ind2=" ">
    <subfield code="a">Kobyli︠a︡nskiĭ, Aleksandr Nikolaevich,</subfield>
    <subfield code="d">1881-1942.</subfield>
    <subfield code="t">Semʹ oktavnykh ėti︠u︡dov</subfield>
  </datafield>
  <datafield tag="400" ind1="1" ind2=" ">
    <subfield code="a">Kobyli︠a︡nskiĭ, Aleksandr Nikolaevich,</subfield>
    <subfield code="d">1881-1942.</subfield>
    <subfield code="t">7 oktavnykh ėti︠u︡dov</subfield>
  </datafield>
  <datafield tag="670" ind1=" " ind2=" ">
    <subfield code="a">Semʹ oktavnykh ėti︠u︡dov, 1938:</subfield>
    <subfield code="b">title page (dli︠a︡ fortepiano)</subfield>
  </datafield>
</record>