
<record>
  <leader>00706nz  a2200157n  4500</leader>
  <controlfield tag="001">11257839</controlfield>
  <controlfield tag="003">DLC</controlfield>
  <controlfield tag="005">20200103083114.0</controlfield>
  <controlfield tag="008">200103n| azannaabn          |n ana      </controlfield>
  <datafield tag="010" ind1=" " ind2=" ">
    <subfield code="a">n 2020000217</subfield>
  </datafield>
  <datafield tag="040" ind1=" " ind2=" ">
    <subfield code="a">DLC</subfield>
    <subfield code="b">eng</subfield>
    <subfield code="e">rda</subfield>
    <subfield code="c">DLC</subfield>
  </datafield>
  <datafield tag="110" ind1="1" ind2=" ">
    <subfield code="a">Finland.</subfield>
    <subfield code="t">Laki sopimattomasta menettelystä elinkeinotoiminnassa</subfield>
  </datafield>
  <datafield tag="410" ind1="1" ind2=" ">
    <subfield code="a">Finland.</subfield>
    <subfield code="t">Lag om otillbörligt förfarande i näringsverksamhet</subfield>
  </datafield>
  <datafield tag="410" ind1="1" ind2=" ">
    <subfield code="a">Finland.</subfield>
    <subfield code="t">Unfair Business Practices Act</subfield>
  </datafield>
  <datafield tag="670" ind1=" " ind2=" ">
    <subfield code="a">Laki sopimattomasta menettelystä elinkeinotoiminnassa, 2018</subfield>
  </datafield>
  <datafield tag="670" ind1=" " ind2=" ">
    <subfield code="a">Finlex, Jan 3, 2020:</subfield>
    <subfield code="b">(Laki sopimattomasta menettelystä elinkeinotoiminnassa = Lag om otillbörligt förfarande i näringsverksamhet = Unfair Business Practices Act, 1061/1978)</subfield>
  </datafield>
</record>