
<record>
  <leader>00505nz  a2200133n  4500</leader>
  <controlfield tag="001">11257840</controlfield>
  <controlfield tag="003">DLC</controlfield>
  <controlfield tag="005">20200103083223.0</controlfield>
  <controlfield tag="008">200103n| azannaabn          |n aaa      </controlfield>
  <datafield tag="010" ind1=" " ind2=" ">
    <subfield code="a">n 2020000218</subfield>
  </datafield>
  <datafield tag="040" ind1=" " ind2=" ">
    <subfield code="a">DLC</subfield>
    <subfield code="b">eng</subfield>
    <subfield code="e">rda</subfield>
    <subfield code="c">DLC</subfield>
  </datafield>
  <datafield tag="100" ind1="1" ind2=" ">
    <subfield code="a">Mott, John R.</subfield>
    <subfield code="q">(John Raleigh),</subfield>
    <subfield code="d">1865-1955.</subfield>
    <subfield code="t">Recent Experiences and Impressions in Russia</subfield>
  </datafield>
  <datafield tag="377" ind1=" " ind2=" ">
    <subfield code="a">eng</subfield>
  </datafield>
  <datafield tag="670" ind1=" " ind2=" ">
    <subfield code="a">John R. Mott, the American YMCA,, and Revolutionary Russia, 2020:</subfield>
    <subfield code="b">Cip galley (Excerpts from Recent Experiences and Impressions in Russia by John R. Mott)</subfield>
  </datafield>
</record>