
<record>
  <leader>00337nz  a2200133n  4500</leader>
  <controlfield tag="001">11257841</controlfield>
  <controlfield tag="003">DLC</controlfield>
  <controlfield tag="005">20200103083808.0</controlfield>
  <controlfield tag="008">200103n| azannaabn          |n aaa      </controlfield>
  <datafield tag="010" ind1=" " ind2=" ">
    <subfield code="a">n 2020000219</subfield>
  </datafield>
  <datafield tag="040" ind1=" " ind2=" ">
    <subfield code="a">DLC</subfield>
    <subfield code="b">eng</subfield>
    <subfield code="c">DLC</subfield>
    <subfield code="e">rda</subfield>
  </datafield>
  <datafield tag="100" ind1="1" ind2=" ">
    <subfield code="a">Berdoy, Anne</subfield>
  </datafield>
  <datafield tag="370" ind1=" " ind2=" ">
    <subfield code="c">France</subfield>
    <subfield code="2">naf</subfield>
  </datafield>
  <datafield tag="670" ind1=" " ind2=" ">
    <subfield code="a">Mont-de-Marsan, 2018:</subfield>
    <subfield code="b">title page (coord. Anne Berdoy)</subfield>
  </datafield>
</record>