
<record>
  <leader>00333cz  a2200133n  4500</leader>
  <controlfield tag="001">11257848</controlfield>
  <controlfield tag="003">DLC</controlfield>
  <controlfield tag="005">20200103085528.0</controlfield>
  <controlfield tag="008">200103n| azannaabn          |n aaa      </controlfield>
  <datafield tag="010" ind1=" " ind2=" ">
    <subfield code="a">n 2020000229</subfield>
  </datafield>
  <datafield tag="040" ind1=" " ind2=" ">
    <subfield code="a">DLC</subfield>
    <subfield code="b">eng</subfield>
    <subfield code="e">rda</subfield>
    <subfield code="c">DLC</subfield>
  </datafield>
  <datafield tag="100" ind1="1" ind2=" ">
    <subfield code="a">Valens, Ritchie,</subfield>
    <subfield code="d">1941-1959.</subfield>
    <subfield code="t">Songs</subfield>
  </datafield>
  <datafield tag="380" ind1=" " ind2=" ">
    <subfield code="a">Songs</subfield>
    <subfield code="2">lcgft</subfield>
  </datafield>
  <datafield tag="670" ind1=" " ind2=" ">
    <subfield code="a">Ritchie Valens rocks, 2019</subfield>
  </datafield>
</record>