
<record>
  <leader>00700nz  a2200169n  4500</leader>
  <controlfield tag="001">11257849</controlfield>
  <controlfield tag="003">DLC</controlfield>
  <controlfield tag="005">20200103085525.0</controlfield>
  <controlfield tag="008">200103n| azannaabn          |b aaa      </controlfield>
  <datafield tag="010" ind1=" " ind2=" ">
    <subfield code="a">n 2020000227</subfield>
  </datafield>
  <datafield tag="040" ind1=" " ind2=" ">
    <subfield code="a">DLC</subfield>
    <subfield code="b">eng</subfield>
    <subfield code="e">rda</subfield>
    <subfield code="c">DLC</subfield>
  </datafield>
  <datafield tag="100" ind1="1" ind2=" ">
    <subfield code="a">Hilāl, Jalāl Wahbī ʻAbd al-Rashīd</subfield>
  </datafield>
  <datafield tag="400" ind1="1" ind2=" ">
    <subfield code="a">‏هلال، جلال وهبي عبد الرشيد.</subfield>
  </datafield>
  <datafield tag="400" ind1="1" ind2=" ">
    <subfield code="a">Hilālī, Jalāl Wahbī ʻAbd al-Rashīd</subfield>
  </datafield>
  <datafield tag="400" ind1="1" ind2=" ">
    <subfield code="a">‏هلالي، جلال وهبي عبد الرشيد</subfield>
  </datafield>
  <datafield tag="667" ind1=" " ind2=" ">
    <subfield code="a">Non-Latin script reference not evaluated.</subfield>
  </datafield>
  <datafield tag="670" ind1=" " ind2=" ">
    <subfield code="a">al-Islām fī Ūghandā, 2015:</subfield>
    <subfield code="b">title page (U. Jalāl Wahbī ʻAbd al-Rashīd Hilāl) page 4 of cover (Jalāl Wahbī ʻAbd al-Rashīd Hilālī)</subfield>
  </datafield>
</record>