
<record>
  <leader>00322nz  a2200121n  4500</leader>
  <controlfield tag="001">11257851</controlfield>
  <controlfield tag="003">DLC</controlfield>
  <controlfield tag="005">20200103085849.0</controlfield>
  <controlfield tag="008">200103n| azannaabn          |n aaa      </controlfield>
  <datafield tag="010" ind1=" " ind2=" ">
    <subfield code="a">n 2020000232</subfield>
  </datafield>
  <datafield tag="040" ind1=" " ind2=" ">
    <subfield code="a">DLC</subfield>
    <subfield code="b">eng</subfield>
    <subfield code="c">DLC</subfield>
    <subfield code="e">rda</subfield>
  </datafield>
  <datafield tag="100" ind1="1" ind2=" ">
    <subfield code="a">Beard, Danijela Š.</subfield>
  </datafield>
  <datafield tag="670" ind1=" " ind2=" ">
    <subfield code="a">Made in Yugoslavia, 2020:</subfield>
    <subfield code="b">title page (Danijela Š. Beard)</subfield>
  </datafield>
</record>