
<record>
  <leader>00518cz  a2200169n  4500</leader>
  <controlfield tag="001">11257852</controlfield>
  <controlfield tag="003">DLC</controlfield>
  <controlfield tag="005">20200103090200.0</controlfield>
  <controlfield tag="008">200103n| azannaabn          |n aaa      </controlfield>
  <datafield tag="010" ind1=" " ind2=" ">
    <subfield code="a">n 2020000231</subfield>
  </datafield>
  <datafield tag="040" ind1=" " ind2=" ">
    <subfield code="a">DLC</subfield>
    <subfield code="b">eng</subfield>
    <subfield code="e">rda</subfield>
    <subfield code="c">DLC</subfield>
  </datafield>
  <datafield tag="046" ind1=" " ind2=" ">
    <subfield code="k">1991</subfield>
    <subfield code="2">edtf</subfield>
  </datafield>
  <datafield tag="100" ind1="1" ind2=" ">
    <subfield code="a">Holmes, Leonie.</subfield>
    <subfield code="t">Recitatives,</subfield>
    <subfield code="m">viola, piano,</subfield>
    <subfield code="n">no. 2</subfield>
  </datafield>
  <datafield tag="380" ind1=" " ind2=" ">
    <subfield code="a">Chamber music</subfield>
    <subfield code="2">lcgft</subfield>
  </datafield>
  <datafield tag="382" ind1="0" ind2=" ">
    <subfield code="a">viola</subfield>
    <subfield code="n">1</subfield>
    <subfield code="a">percussion</subfield>
    <subfield code="n">1</subfield>
    <subfield code="s">2</subfield>
    <subfield code="2">lcmpt</subfield>
  </datafield>
  <datafield tag="383" ind1=" " ind2=" ">
    <subfield code="a">No. 2</subfield>
  </datafield>
  <datafield tag="670" ind1=" " ind2=" ">
    <subfield code="a">New Zealand composers, 1994:</subfield>
    <subfield code="b">insert (Recitative II for viola and percussion (1 player))</subfield>
  </datafield>
</record>