
<record>
  <leader>00426nz  a2200145n  4500</leader>
  <controlfield tag="001">11257853</controlfield>
  <controlfield tag="003">DLC</controlfield>
  <controlfield tag="005">20200103090122.0</controlfield>
  <controlfield tag="008">200103n| azannaabn          |n aaa      </controlfield>
  <datafield tag="010" ind1=" " ind2=" ">
    <subfield code="a">n 2020000233</subfield>
  </datafield>
  <datafield tag="040" ind1=" " ind2=" ">
    <subfield code="a">DLC</subfield>
    <subfield code="b">eng</subfield>
    <subfield code="e">rda</subfield>
    <subfield code="c">DLC</subfield>
  </datafield>
  <datafield tag="100" ind1="1" ind2=" ">
    <subfield code="a">Lodge, Martin.</subfield>
    <subfield code="t">Sonatina,</subfield>
    <subfield code="m">flute</subfield>
  </datafield>
  <datafield tag="380" ind1=" " ind2=" ">
    <subfield code="a">Sonatas</subfield>
    <subfield code="2">lcgft</subfield>
  </datafield>
  <datafield tag="382" ind1="0" ind2=" ">
    <subfield code="a">flute</subfield>
    <subfield code="n">1</subfield>
    <subfield code="d">piccolo</subfield>
    <subfield code="n">1</subfield>
    <subfield code="s">1</subfield>
    <subfield code="2">lcmpt</subfield>
  </datafield>
  <datafield tag="670" ind1=" " ind2=" ">
    <subfield code="a">New Zealand composers, 1994:</subfield>
    <subfield code="b">container (Sonatina for solo flute/piccolo)</subfield>
  </datafield>
</record>