
<record>
  <leader>00812cz  a2200217n  4500</leader>
  <controlfield tag="001">11257856</controlfield>
  <controlfield tag="003">DLC</controlfield>
  <controlfield tag="005">20200103092940.0</controlfield>
  <controlfield tag="008">200103n| azannaabn          |b aaa      </controlfield>
  <datafield tag="010" ind1=" " ind2=" ">
    <subfield code="a">n 2020000235</subfield>
  </datafield>
  <datafield tag="040" ind1=" " ind2=" ">
    <subfield code="a">DLC</subfield>
    <subfield code="b">eng</subfield>
    <subfield code="e">rda</subfield>
    <subfield code="c">DLC</subfield>
    <subfield code="d">DLC</subfield>
  </datafield>
  <datafield tag="046" ind1=" " ind2=" ">
    <subfield code="f">1904</subfield>
    <subfield code="g">1983</subfield>
    <subfield code="2">edtf</subfield>
  </datafield>
  <datafield tag="100" ind1="1" ind2=" ">
    <subfield code="a">Ivanov, Georgi,</subfield>
    <subfield code="d">1904-1983.</subfield>
  </datafield>
  <datafield tag="370" ind1=" " ind2=" ">
    <subfield code="e">General Toshevo, Bulgaria</subfield>
  </datafield>
  <datafield tag="375" ind1=" " ind2=" ">
    <subfield code="a">Males</subfield>
    <subfield code="2">lcdgt</subfield>
  </datafield>
  <datafield tag="377" ind1=" " ind2=" ">
    <subfield code="a">bul</subfield>
  </datafield>
  <datafield tag="400" ind1="1" ind2=" ">
    <subfield code="a">Иванов, Георги,</subfield>
    <subfield code="d">1904-1983.</subfield>
  </datafield>
  <datafield tag="667" ind1=" " ind2=" ">
    <subfield code="a">Non-Latin script reference not evaluated.</subfield>
  </datafield>
  <datafield tag="670" ind1=" " ind2=" ">
    <subfield code="a">Lichnost s ime, 2015:</subfield>
    <subfield code="b">title page (Георги Иванов, Georgi Ivanov... General Toshevo)</subfield>
  </datafield>
  <datafield tag="670" ind1=" " ind2=" ">
    <subfield code="a">Cobiss.bg (Bulgarian online union catalog), accessed Jan. 3, 2020:</subfield>
    <subfield code="b">bib. rec. for above work (Иванов, Георги, 1904-1983 = Ivanov, Georgi, 1904-1983)</subfield>
  </datafield>
  <datafield tag="953" ind1=" " ind2=" ">
    <subfield code="a">fg10</subfield>
    <subfield code="b">fg10</subfield>
  </datafield>
</record>