
<record>
  <leader>00622cz  a2200145n  4500</leader>
  <controlfield tag="001">11257857</controlfield>
  <controlfield tag="003">DLC</controlfield>
  <controlfield tag="005">20200103093432.0</controlfield>
  <controlfield tag="008">200103n| azannaabn          |n ana      </controlfield>
  <datafield tag="010" ind1=" " ind2=" ">
    <subfield code="a">n 2020000237</subfield>
  </datafield>
  <datafield tag="040" ind1=" " ind2=" ">
    <subfield code="a">DLC</subfield>
    <subfield code="b">eng</subfield>
    <subfield code="e">rda</subfield>
    <subfield code="c">DLC</subfield>
  </datafield>
  <datafield tag="110" ind1="2" ind2=" ">
    <subfield code="a">United States.</subfield>
    <subfield code="b">Army Air Forces.</subfield>
    <subfield code="d">Bomb Group (H), 485th.</subfield>
  </datafield>
  <datafield tag="410" ind1="2" ind2=" ">
    <subfield code="a">United States.</subfield>
    <subfield code="b">Army Air Forces.</subfield>
    <subfield code="d">485th Bomb Group (H).</subfield>
  </datafield>
  <datafield tag="410" ind1="2" ind2=" ">
    <subfield code="a">United States.</subfield>
    <subfield code="b">Army Air Forces.</subfield>
    <subfield code="d">Bomb Group, 485th.</subfield>
  </datafield>
  <datafield tag="670" ind1=" " ind2=" ">
    <subfield code="a">Of Broad Stripes and Bright Stars, 2014</subfield>
    <subfield code="b">pp. 9-10 (U.S. 485th Bomb Group was based in Southern Italy during World War II and conducted bombing raids on Germany, Austria, and Romania)</subfield>
  </datafield>
</record>