
<record>
  <leader>00499nz  a2200133n  4500</leader>
  <controlfield tag="001">11257858</controlfield>
  <controlfield tag="003">DLC</controlfield>
  <controlfield tag="005">20200103093539.0</controlfield>
  <controlfield tag="008">200103n| azannaabn          |n aaa      </controlfield>
  <datafield tag="010" ind1=" " ind2=" ">
    <subfield code="a">n 2020000238</subfield>
  </datafield>
  <datafield tag="040" ind1=" " ind2=" ">
    <subfield code="a">DLC</subfield>
    <subfield code="b">eng</subfield>
    <subfield code="c">DLC</subfield>
    <subfield code="e">rda</subfield>
  </datafield>
  <datafield tag="100" ind1="1" ind2=" ">
    <subfield code="a">Epremi︠a︡n, Lilit,</subfield>
    <subfield code="d">1963-</subfield>
  </datafield>
  <datafield tag="670" ind1=" " ind2=" ">
    <subfield code="a">Ėdvard Mirzoi︠a︡n v pisʹmakh i dialogakh, 2012:</subfield>
    <subfield code="b">title page (Lilit Epremi︠a︡n) page 4 of cover (Lilit Karlenovna Epremi︠a︡n (1963), musicologist, lecturer at Yerevan Conservatory, journalist)</subfield>
  </datafield>
  <datafield tag="953" ind1=" " ind2=" ">
    <subfield code="a">cd24</subfield>
  </datafield>
</record>