
<record>
  <leader>00559nz  a2200145n  4500</leader>
  <controlfield tag="001">11257860</controlfield>
  <controlfield tag="003">DLC</controlfield>
  <controlfield tag="005">20200103094343.0</controlfield>
  <controlfield tag="008">200103n| azannaabn          |n aaa      </controlfield>
  <datafield tag="010" ind1=" " ind2=" ">
    <subfield code="a">n 2020000241</subfield>
  </datafield>
  <datafield tag="040" ind1=" " ind2=" ">
    <subfield code="a">DLC</subfield>
    <subfield code="b">eng</subfield>
    <subfield code="e">rda</subfield>
    <subfield code="c">DLC</subfield>
  </datafield>
  <datafield tag="046" ind1=" " ind2=" ">
    <subfield code="f">1979</subfield>
    <subfield code="2">edtf</subfield>
  </datafield>
  <datafield tag="100" ind1="1" ind2=" ">
    <subfield code="a">Andrews, Elisabeth,</subfield>
    <subfield code="d">1979-</subfield>
  </datafield>
  <datafield tag="670" ind1=" " ind2=" ">
    <subfield code="a">Great speeches that changed the world, 2019:</subfield>
    <subfield code="b">t.p. verso (contributing writers: Elisabeth Andrews)</subfield>
  </datafield>
  <datafield tag="670" ind1=" " ind2=" ">
    <subfield code="a">Email from author, January 2, 2020</subfield>
    <subfield code="b">(My middle name is Catherine and I was born in 1979. Elisabeth Andrews, Writer and Editor. elisabethandrews.com)</subfield>
  </datafield>
</record>