
<record>
  <leader>00598nz  a2200133n  4500</leader>
  <controlfield tag="001">11257861</controlfield>
  <controlfield tag="003">DLC</controlfield>
  <controlfield tag="005">20200103094648.0</controlfield>
  <controlfield tag="008">200103n| azannaabn          |n aaa      </controlfield>
  <datafield tag="010" ind1=" " ind2=" ">
    <subfield code="a">n 2020000239</subfield>
  </datafield>
  <datafield tag="040" ind1=" " ind2=" ">
    <subfield code="a">DLC</subfield>
    <subfield code="b">eng</subfield>
    <subfield code="e">rda</subfield>
    <subfield code="c">DLC</subfield>
  </datafield>
  <datafield tag="053" ind1=" " ind2="0">
    <subfield code="a">PR6116.R584</subfield>
  </datafield>
  <datafield tag="100" ind1="1" ind2=" ">
    <subfield code="a">Priestley, Sara</subfield>
  </datafield>
  <datafield tag="670" ind1=" " ind2=" ">
    <subfield code="a">Quintessence, 2019:</subfield>
    <subfield code="b">title page (Sara Priestley) p. 107 (Priestley earned degrees in theology and information technology, accompanied by studies in psychology and physiology; teaches her &quot;inside-in&quot; understanding via social media, at retreats, in workshops, and on video coaching calls; lives in London, England)</subfield>
  </datafield>
</record>