
<record>
  <leader>00834cz  a2200169n  4500</leader>
  <controlfield tag="001">11257862</controlfield>
  <controlfield tag="003">DLC</controlfield>
  <controlfield tag="005">20200103095538.0</controlfield>
  <controlfield tag="008">200103n| azannaabn          |b aaa      </controlfield>
  <datafield tag="010" ind1=" " ind2=" ">
    <subfield code="a">n 2020000242</subfield>
  </datafield>
  <datafield tag="040" ind1=" " ind2=" ">
    <subfield code="a">DLC</subfield>
    <subfield code="b">eng</subfield>
    <subfield code="c">DLC</subfield>
    <subfield code="e">rda</subfield>
  </datafield>
  <datafield tag="100" ind1="1" ind2=" ">
    <subfield code="a">Romanenkov, I︠U︡. A.</subfield>
  </datafield>
  <datafield tag="372" ind1=" " ind2=" ">
    <subfield code="a">Business education</subfield>
    <subfield code="2">lcsh</subfield>
  </datafield>
  <datafield tag="400" ind1="1" ind2=" ">
    <subfield code="a">Романенков, Ю. А.</subfield>
  </datafield>
  <datafield tag="667" ind1=" " ind2=" ">
    <subfield code="a">Non-Latin script reference not evaluated.</subfield>
  </datafield>
  <datafield tag="670" ind1=" " ind2=" ">
    <subfield code="a">Sovremennye informat︠s︡ionnye tekhnologii v ėkonomike i upravlenii predprii︠a︡tii︠a︡mi, programmami i proektami, 2011:</subfield>
    <subfield code="b">title page (Романенков Ю.А. = Romanenkov I︠U︡.A.) page 13 (к.т.н., доцент, директор Благотворительного фонда содействия развитию бизнес-образования ХАИ-менеджмент)</subfield>
  </datafield>
  <datafield tag="953" ind1=" " ind2=" ">
    <subfield code="a">fc04</subfield>
  </datafield>
</record>