
<record>
  <leader>00410nz  a2200133n  4500</leader>
  <controlfield tag="001">11257863</controlfield>
  <controlfield tag="003">DLC</controlfield>
  <controlfield tag="005">20200103100634.0</controlfield>
  <controlfield tag="008">200103n| azannaabn          |n aaa      </controlfield>
  <datafield tag="010" ind1=" " ind2=" ">
    <subfield code="a">n 2020000245</subfield>
  </datafield>
  <datafield tag="040" ind1=" " ind2=" ">
    <subfield code="a">DLC</subfield>
    <subfield code="b">eng</subfield>
    <subfield code="e">rda</subfield>
    <subfield code="c">DLC</subfield>
  </datafield>
  <datafield tag="100" ind1="1" ind2=" ">
    <subfield code="a">Anttila, Outi,</subfield>
    <subfield code="d">1976-</subfield>
  </datafield>
  <datafield tag="670" ind1=" " ind2=" ">
    <subfield code="a">Yhdenvertaisuuslaki kommentein, 2019:</subfield>
    <subfield code="b">title page (Outi Anttila)</subfield>
  </datafield>
  <datafield tag="670" ind1=" " ind2=" ">
    <subfield code="a">National Library of Finland, Jan 3, 2020:</subfield>
    <subfield code="b">(Anttila, Outi, 1976-)</subfield>
  </datafield>
</record>