
<record>
  <leader>00529cz  a2200145n  4500</leader>
  <controlfield tag="001">11257865</controlfield>
  <controlfield tag="003">DLC</controlfield>
  <controlfield tag="005">20200103101229.0</controlfield>
  <controlfield tag="008">200103n| azannaabn          |n ana      </controlfield>
  <datafield tag="010" ind1=" " ind2=" ">
    <subfield code="a">n 2020000244</subfield>
  </datafield>
  <datafield tag="040" ind1=" " ind2=" ">
    <subfield code="a">DLC</subfield>
    <subfield code="b">eng</subfield>
    <subfield code="e">rda</subfield>
    <subfield code="c">DLC</subfield>
  </datafield>
  <datafield tag="043" ind1=" " ind2=" ">
    <subfield code="a">e-rb</subfield>
  </datafield>
  <datafield tag="151" ind1=" " ind2=" ">
    <subfield code="a">Gojna Gora (Serbia)</subfield>
  </datafield>
  <datafield tag="670" ind1=" " ind2=" ">
    <subfield code="a">Ratna 1943. godina, 2017:</subfield>
    <subfield code="b">t.p. (Gojna Gora)</subfield>
  </datafield>
  <datafield tag="670" ind1=" " ind2=" ">
    <subfield code="a">GEONET search, Jan 3, 2020,</subfield>
    <subfield code="b">(Gojna Gora (Approved - N) Serbia (RI)  Serbia (general) (RI00) 43° 59&apos; 25&quot; N, 020° 08&apos; 09&quot; E   (43.990245, 20.135829) 34TDP3070471152 populated locality)</subfield>
  </datafield>
</record>