
<record>
  <leader>00519nz  a2200157n  4500</leader>
  <controlfield tag="001">11257866</controlfield>
  <controlfield tag="003">DLC</controlfield>
  <controlfield tag="005">20200103101411.0</controlfield>
  <controlfield tag="008">200103n| azannaabn          |a ana      </controlfield>
  <datafield tag="010" ind1=" " ind2=" ">
    <subfield code="a">n 2020000247</subfield>
  </datafield>
  <datafield tag="040" ind1=" " ind2=" ">
    <subfield code="a">DLC</subfield>
    <subfield code="b">eng</subfield>
    <subfield code="e">rda</subfield>
    <subfield code="c">DLC</subfield>
  </datafield>
  <datafield tag="110" ind1="1" ind2=" ">
    <subfield code="a">Finland.</subfield>
    <subfield code="t">Yhdenvertaisuuslaki</subfield>
  </datafield>
  <datafield tag="410" ind1="1" ind2=" ">
    <subfield code="a">Finland.</subfield>
    <subfield code="t">Diskrimineringslag</subfield>
  </datafield>
  <datafield tag="410" ind1="1" ind2=" ">
    <subfield code="a">Finland.</subfield>
    <subfield code="t">Non-discrimination Act</subfield>
  </datafield>
  <datafield tag="670" ind1=" " ind2=" ">
    <subfield code="a">Yhdenvertaisuuslaki kommentein, 2019</subfield>
  </datafield>
  <datafield tag="670" ind1=" " ind2=" ">
    <subfield code="a">Finlex, Jan 3, 2020:</subfield>
    <subfield code="b">(Yhdenvertaisuuslaki = Diskrimineringslag = Non-discrimination Act, 1325/2014)</subfield>
  </datafield>
</record>