
<record>
  <leader>00409nz  a2200133n  4500</leader>
  <controlfield tag="001">11257867</controlfield>
  <controlfield tag="003">DLC</controlfield>
  <controlfield tag="005">20200103102128.0</controlfield>
  <controlfield tag="008">200103n| azannaabn          |n aaa      </controlfield>
  <datafield tag="010" ind1=" " ind2=" ">
    <subfield code="a">n 2020000250</subfield>
  </datafield>
  <datafield tag="040" ind1=" " ind2=" ">
    <subfield code="a">DLC</subfield>
    <subfield code="b">eng</subfield>
    <subfield code="e">rda</subfield>
    <subfield code="c">DLC</subfield>
  </datafield>
  <datafield tag="100" ind1="1" ind2=" ">
    <subfield code="a">Keskitalo, Petri,</subfield>
    <subfield code="d">1972-</subfield>
  </datafield>
  <datafield tag="670" ind1=" " ind2=" ">
    <subfield code="a">Uuden asunnon kauppa, 2018:</subfield>
    <subfield code="b">title page (Petri Keskitalo)</subfield>
  </datafield>
  <datafield tag="670" ind1=" " ind2=" ">
    <subfield code="a">National Library of Finland, Jan 3, 2020:</subfield>
    <subfield code="b">(Keskitalo, Petri, 1972-)</subfield>
  </datafield>
</record>