
<record>
  <leader>00741cz  a2200121o  4500</leader>
  <controlfield tag="001">11257869</controlfield>
  <controlfield tag="003">DLC</controlfield>
  <controlfield tag="005">20200103134727.0</controlfield>
  <controlfield tag="008">200103n| azannaabn          |n bna     d</controlfield>
  <datafield tag="010" ind1=" " ind2=" ">
    <subfield code="a"></subfield>
  </datafield>
  <datafield tag="040" ind1=" " ind2=" ">
    <subfield code="a">DLC</subfield>
    <subfield code="c">DLC</subfield>
    <subfield code="e">rda</subfield>
  </datafield>
  <datafield tag="111" ind1="2" ind2=" ">
    <subfield code="a">Figuras do Judiciário ligadas ao território da Relação de Coimbra (Conference)</subfield>
    <subfield code="d">(2018 :</subfield>
    <subfield code="c">Coimbra, Portugal)</subfield>
  </datafield>
  <datafield tag="670" ind1=" " ind2=" ">
    <subfield code="a">Figuras do Judiciário ligadas ao território da Relação de Coimbra, 2018:</subfield>
    <subfield code="b">title page (Figuras do Judiciário ligadas ao território da Relação de Coimbra) p. 7 (&quot;O presente livro é resultado do colóquio realizado no dia 12 de Abril do 2018, no Salão Nobre de Relação de Coimbra, subordinado ao tema &quot;Figuras do Judiciário ligadas ao território da Relação de Coimbra&quot;).</subfield>
  </datafield>
</record>