
<record>
  <leader>00434nz  a2200145n  4500</leader>
  <controlfield tag="001">11257870</controlfield>
  <controlfield tag="003">DLC</controlfield>
  <controlfield tag="005">20200103102527.0</controlfield>
  <controlfield tag="008">200103n| azannaabn          |a aaa      </controlfield>
  <datafield tag="010" ind1=" " ind2=" ">
    <subfield code="a">n 2020000255</subfield>
  </datafield>
  <datafield tag="040" ind1=" " ind2=" ">
    <subfield code="a">DLC</subfield>
    <subfield code="b">eng</subfield>
    <subfield code="c">DLC</subfield>
    <subfield code="e">rda</subfield>
  </datafield>
  <datafield tag="100" ind1="1" ind2=" ">
    <subfield code="a">Ogannisi︠a︡n, Diana</subfield>
  </datafield>
  <datafield tag="400" ind1="1" ind2=" ">
    <subfield code="a">Hovhannisyan, Diana</subfield>
  </datafield>
  <datafield tag="670" ind1=" " ind2=" ">
    <subfield code="a">Armenii︠a︡, Iran i region, 2014:</subfield>
    <subfield code="b">title page (Diana Ogannisi︠a︡n) added title page (Diana Hovhannisyan)</subfield>
  </datafield>
  <datafield tag="953" ind1=" " ind2=" ">
    <subfield code="a">cd24</subfield>
  </datafield>
</record>