
<record>
  <leader>00718nz  a2200181n  4500</leader>
  <controlfield tag="001">11257871</controlfield>
  <controlfield tag="003">DLC</controlfield>
  <controlfield tag="005">20200103102751.0</controlfield>
  <controlfield tag="008">200103n| azannaabn          |a aaa      </controlfield>
  <datafield tag="010" ind1=" " ind2=" ">
    <subfield code="a">n 2020000253</subfield>
  </datafield>
  <datafield tag="040" ind1=" " ind2=" ">
    <subfield code="a">DLC</subfield>
    <subfield code="b">eng</subfield>
    <subfield code="e">rda</subfield>
    <subfield code="c">DLC</subfield>
  </datafield>
  <datafield tag="100" ind1="1" ind2=" ">
    <subfield code="a">Mikašinović, Mihajlo,</subfield>
    <subfield code="c">Baron,</subfield>
    <subfield code="d">1715-1774</subfield>
  </datafield>
  <datafield tag="370" ind1=" " ind2=" ">
    <subfield code="a">Serbia</subfield>
    <subfield code="2">naf</subfield>
  </datafield>
  <datafield tag="373" ind1=" " ind2=" ">
    <subfield code="a">Austro-Hungarian Monarchy</subfield>
    <subfield code="2">naf</subfield>
  </datafield>
  <datafield tag="374" ind1=" " ind2=" ">
    <subfield code="a">Generals</subfield>
    <subfield code="2">lcsh</subfield>
  </datafield>
  <datafield tag="400" ind1="0" ind2=" ">
    <subfield code="a">Mihajlo,</subfield>
    <subfield code="c">Baron Mikašinović,</subfield>
    <subfield code="d">1715-1774</subfield>
  </datafield>
  <datafield tag="400" ind1="1" ind2=" ">
    <subfield code="a">Mihajlo Mikasinovic, ,,</subfield>
    <subfield code="c">Baron,</subfield>
    <subfield code="d">1715-1774</subfield>
  </datafield>
  <datafield tag="670" ind1=" " ind2=" ">
    <subfield code="a">Baron Mihajlo Mikasinovic, 2014:</subfield>
    <subfield code="b">title page (Baron, Mihajlo Mikasinovic) back cover (Serbian general in the Austrian Army during the 1800s; operated in Serbian border area &quot;Vojn Krajina&quot; of Austro-Hungary)</subfield>
  </datafield>
</record>