
<record>
  <leader>00347nz  a2200121n  4500</leader>
  <controlfield tag="001">11257872</controlfield>
  <controlfield tag="003">DLC</controlfield>
  <controlfield tag="005">20200103102752.0</controlfield>
  <controlfield tag="008">200103n| azannaabn          |n ana      </controlfield>
  <datafield tag="010" ind1=" " ind2=" ">
    <subfield code="a">n 2020000257</subfield>
  </datafield>
  <datafield tag="040" ind1=" " ind2=" ">
    <subfield code="a">DLC</subfield>
    <subfield code="b">eng</subfield>
    <subfield code="e">rda</subfield>
    <subfield code="c">DLC</subfield>
  </datafield>
  <datafield tag="130" ind1=" " ind2="0">
    <subfield code="a">Bible.</subfield>
    <subfield code="l">Malay.</subfield>
    <subfield code="f">1731</subfield>
  </datafield>
  <datafield tag="670" ind1=" " ind2=" ">
    <subfield code="a">Elkitâb, &apos;ija &apos;îtu, segala sûrat perdjandjian lâma dán bahâruw, 1731-33.</subfield>
  </datafield>
</record>