
<record>
  <leader>00354nz  a2200133n  4500</leader>
  <controlfield tag="001">11257873</controlfield>
  <controlfield tag="003">DLC</controlfield>
  <controlfield tag="005">20200103102922.0</controlfield>
  <controlfield tag="008">200103n| azannaabn          |a aaa     b</controlfield>
  <datafield tag="010" ind1=" " ind2=" ">
    <subfield code="a">n 2020000258</subfield>
  </datafield>
  <datafield tag="040" ind1=" " ind2=" ">
    <subfield code="a">DLC</subfield>
    <subfield code="b">eng</subfield>
    <subfield code="e">rda</subfield>
    <subfield code="c">DLC</subfield>
  </datafield>
  <datafield tag="100" ind1="1" ind2=" ">
    <subfield code="a">Vadell Vallbona, Pau.</subfield>
    <subfield code="t">Poems.</subfield>
    <subfield code="k">Selections</subfield>
  </datafield>
  <datafield tag="400" ind1="1" ind2=" ">
    <subfield code="a">Vadell Vallbona, Pau.</subfield>
    <subfield code="t">Terra llarga</subfield>
  </datafield>
  <datafield tag="670" ind1=" " ind2=" ">
    <subfield code="a">Terra llarga, 2019</subfield>
  </datafield>
</record>