
<record>
  <leader>00707nz  a2200133n  4500</leader>
  <controlfield tag="001">11257874</controlfield>
  <controlfield tag="003">DLC</controlfield>
  <controlfield tag="005">20200103102924.0</controlfield>
  <controlfield tag="008">200103n| azannaabn          |n aaa      </controlfield>
  <datafield tag="010" ind1=" " ind2=" ">
    <subfield code="a">n 2020000256</subfield>
  </datafield>
  <datafield tag="040" ind1=" " ind2=" ">
    <subfield code="a">DLC</subfield>
    <subfield code="b">eng</subfield>
    <subfield code="e">rda</subfield>
    <subfield code="c">DLC</subfield>
  </datafield>
  <datafield tag="100" ind1="1" ind2=" ">
    <subfield code="a">Landdeck, Katherine Sharp</subfield>
  </datafield>
  <datafield tag="377" ind1=" " ind2=" ">
    <subfield code="a">eng</subfield>
  </datafield>
  <datafield tag="670" ind1=" " ind2=" ">
    <subfield code="a">The women with silver wings, 2020:</subfield>
    <subfield code="b">CIP title page (Katherine Sharp Landdeck) galley (associate professor of history at Texas Woman&apos;s University; she directs the department&apos;s Oral History Project; vice president of the Wingtip-to-Wingtip Association, a national nonprofit devoted to the accurate remembrance of the WASP; graduate of the University of Tennessee, where she   earned her PhD; Landdeck is a licensed pilot)</subfield>
  </datafield>
</record>