
<record>
  <leader>00733nz  a2200169n  4500</leader>
  <controlfield tag="001">11257875</controlfield>
  <controlfield tag="003">DLC</controlfield>
  <controlfield tag="005">20200103102938.0</controlfield>
  <controlfield tag="008">200103n| azannaabn          |b aaa     b</controlfield>
  <datafield tag="010" ind1=" " ind2=" ">
    <subfield code="a">n 2020000249</subfield>
  </datafield>
  <datafield tag="040" ind1=" " ind2=" ">
    <subfield code="a">DLC</subfield>
    <subfield code="b">eng</subfield>
    <subfield code="e">rda</subfield>
    <subfield code="c">DLC</subfield>
  </datafield>
  <datafield tag="100" ind1="1" ind2=" ">
    <subfield code="a">Sulaymān, Majdī ʻAbd al-Rāziq</subfield>
  </datafield>
  <datafield tag="400" ind1="1" ind2=" ">
    <subfield code="a">‏سليمان، مجدي عبد الرازق.</subfield>
  </datafield>
  <datafield tag="400" ind1="1" ind2=" ">
    <subfield code="a">Maḥmūd, Majdī ʻAbd al-Rāziq Sulaymān Muḥammad</subfield>
  </datafield>
  <datafield tag="400" ind1="1" ind2=" ">
    <subfield code="a">‏محمود، مجدي عبد الرازق ‏سليمان محمد</subfield>
  </datafield>
  <datafield tag="667" ind1=" " ind2=" ">
    <subfield code="a">Non-Latin script reference not evaluated.</subfield>
  </datafield>
  <datafield tag="670" ind1=" " ind2=" ">
    <subfield code="a">Inqirāḍ al-lughāt wa-izadihāruhā, 2016:</subfield>
    <subfield code="b">title page (D. Majdī ʻAbd al-Rāziq Sulaymān) page 283 (Majdī ʻAbd al-Rāziq Sulaymān Muḥammad Maḥmūd)</subfield>
  </datafield>
</record>