
<record>
  <leader>00631nz  a2200157n  4500</leader>
  <controlfield tag="001">11257876</controlfield>
  <controlfield tag="003">DLC</controlfield>
  <controlfield tag="005">20200103103130.0</controlfield>
  <controlfield tag="008">200103n| azannaabn          |a ana      </controlfield>
  <datafield tag="010" ind1=" " ind2=" ">
    <subfield code="a">n 2020000259</subfield>
  </datafield>
  <datafield tag="040" ind1=" " ind2=" ">
    <subfield code="a">DLC</subfield>
    <subfield code="b">eng</subfield>
    <subfield code="e">rda</subfield>
    <subfield code="c">DLC</subfield>
  </datafield>
  <datafield tag="110" ind1="2" ind2=" ">
    <subfield code="a">Thad &amp; the Markonians (Musical group)</subfield>
  </datafield>
  <datafield tag="368" ind1=" " ind2=" ">
    <subfield code="a">Rock groups</subfield>
    <subfield code="2">lcsh</subfield>
  </datafield>
  <datafield tag="372" ind1=" " ind2=" ">
    <subfield code="a">Rock music</subfield>
    <subfield code="2">lcsh</subfield>
  </datafield>
  <datafield tag="410" ind1="2" ind2=" ">
    <subfield code="a">Thad and the Markonians (Musical group)</subfield>
  </datafield>
  <datafield tag="670" ind1=" " ind2=" ">
    <subfield code="a">Thad &amp; the Markonians (Musical group). Roman candles, 1996:</subfield>
    <subfield code="b">container (Thad &amp; the Markonians) insert (Thad Logan, rhythm guitar, lead vocals ; Mike Spens, lead guitar, vocals ; Steve Dunford, bass ; Mark Hammond, drums, vocals)</subfield>
  </datafield>
</record>