
<record>
  <leader>00651cz  a2200181o  4500</leader>
  <controlfield tag="001">11257877</controlfield>
  <controlfield tag="003">DLC</controlfield>
  <controlfield tag="005">20200103103946.0</controlfield>
  <controlfield tag="008">200103n| azannaabn          |n aaa     d</controlfield>
  <datafield tag="010" ind1=" " ind2=" ">
    <subfield code="a"></subfield>
  </datafield>
  <datafield tag="040" ind1=" " ind2=" ">
    <subfield code="a">DLC</subfield>
    <subfield code="c">DLC</subfield>
    <subfield code="e">rda</subfield>
  </datafield>
  <datafield tag="100" ind1="1" ind2=" ">
    <subfield code="a">Codeço, José Carlos Regalado</subfield>
  </datafield>
  <datafield tag="370" ind1=" " ind2=" ">
    <subfield code="c">Portugal</subfield>
    <subfield code="2">lcsh</subfield>
  </datafield>
  <datafield tag="372" ind1=" " ind2=" ">
    <subfield code="a">Law</subfield>
    <subfield code="2">lcsh</subfield>
  </datafield>
  <datafield tag="374" ind1=" " ind2=" ">
    <subfield code="a">Public prosecutors</subfield>
    <subfield code="2">lcsh</subfield>
  </datafield>
  <datafield tag="375" ind1=" " ind2=" ">
    <subfield code="a">Males</subfield>
    <subfield code="2">lcsh</subfield>
  </datafield>
  <datafield tag="670" ind1=" " ind2=" ">
    <subfield code="a">Figuras do Judiciário ligadas ao território da Relação de Coimbra, 2018:</subfield>
    <subfield code="b">title page (José Carlos Regalado Codeço)</subfield>
  </datafield>
  <datafield tag="670" ind1=" " ind2=" ">
    <subfield code="a">Tribunal da Relação (Coimbra) website, viewed 1/3/2020</subfield>
    <subfield code="b">(Dr. José Carlos Regalado Codeço, Procurador da República)</subfield>
  </datafield>
</record>