
<record>
  <leader>00448cz  a2200145n  4500</leader>
  <controlfield tag="001">11257878</controlfield>
  <controlfield tag="003">DLC</controlfield>
  <controlfield tag="005">20200103104501.0</controlfield>
  <controlfield tag="008">200103n| azannaabn          |n aaa      </controlfield>
  <datafield tag="010" ind1=" " ind2=" ">
    <subfield code="a">n 2020000248</subfield>
  </datafield>
  <datafield tag="040" ind1=" " ind2=" ">
    <subfield code="a">DLC</subfield>
    <subfield code="b">eng</subfield>
    <subfield code="e">rda</subfield>
    <subfield code="c">DLC</subfield>
  </datafield>
  <datafield tag="100" ind1="1" ind2=" ">
    <subfield code="a">Lugo, Sergio</subfield>
    <subfield code="c">(Editor of Danish øre bicolor issues)</subfield>
  </datafield>
  <datafield tag="377" ind1=" " ind2=" ">
    <subfield code="a">eng</subfield>
  </datafield>
  <datafield tag="667" ind1=" " ind2=" ">
    <subfield code="a">Cannot identify with: Lugo, Sergio [n 2008029248]</subfield>
  </datafield>
  <datafield tag="670" ind1=" " ind2=" ">
    <subfield code="a">Danish øre bicolor issues, 2012:</subfield>
    <subfield code="b">title page (Sergio Lugo; editor)</subfield>
  </datafield>
</record>