
<record>
  <leader>00556cz  a2200145n  4500</leader>
  <controlfield tag="001">11257880</controlfield>
  <controlfield tag="003">DLC</controlfield>
  <controlfield tag="005">20200103105052.0</controlfield>
  <controlfield tag="008">200103n| azannaabn          |b ana      </controlfield>
  <datafield tag="010" ind1=" " ind2=" ">
    <subfield code="a">n 2020000261</subfield>
  </datafield>
  <datafield tag="040" ind1=" " ind2=" ">
    <subfield code="a">DLC</subfield>
    <subfield code="b">eng</subfield>
    <subfield code="c">DLC</subfield>
    <subfield code="e">rda</subfield>
  </datafield>
  <datafield tag="111" ind1="2" ind2=" ">
    <subfield code="a">Jałta--mit i rzeczywistość (Conference)</subfield>
    <subfield code="d">(2015 :</subfield>
    <subfield code="c">Gdańsk, Poland)</subfield>
  </datafield>
  <datafield tag="411" ind1="2" ind2=" ">
    <subfield code="a">Konferencja &quot;Jałta--mit i rzeczywistość&quot;</subfield>
    <subfield code="d">(2015 :</subfield>
    <subfield code="c">Gdańsk, Poland)</subfield>
  </datafield>
  <datafield tag="670" ind1=" " ind2=" ">
    <subfield code="a">Jałta, 2019:</subfield>
    <subfield code="b">page 12 (...konferencji &quot;Jałta: mit i rzeczywistość&quot;, zorganizoanej w Gdańsku w dniach 19-20 lutego 2015 r.)</subfield>
  </datafield>
  <datafield tag="953" ind1=" " ind2=" ">
    <subfield code="a">fc04</subfield>
  </datafield>
</record>