
<record>
  <leader>00403nz  a2200133n  4500</leader>
  <controlfield tag="001">11257883</controlfield>
  <controlfield tag="003">DLC</controlfield>
  <controlfield tag="005">20200103110244.0</controlfield>
  <controlfield tag="008">200103n| azannaabn          |n aaa      </controlfield>
  <datafield tag="010" ind1=" " ind2=" ">
    <subfield code="a">n 2020000264</subfield>
  </datafield>
  <datafield tag="040" ind1=" " ind2=" ">
    <subfield code="a">DLC</subfield>
    <subfield code="b">eng</subfield>
    <subfield code="e">rda</subfield>
    <subfield code="c">D LC</subfield>
  </datafield>
  <datafield tag="100" ind1="1" ind2=" ">
    <subfield code="a">Pölönen, Ismo,</subfield>
    <subfield code="d">1975-</subfield>
  </datafield>
  <datafield tag="670" ind1=" " ind2=" ">
    <subfield code="a">YVA-oikeus, 2018:</subfield>
    <subfield code="b">title page (Ismo Pölönen)</subfield>
  </datafield>
  <datafield tag="670" ind1=" " ind2=" ">
    <subfield code="a">National Library of Finland, Jan 3, 2020:</subfield>
    <subfield code="b">(Pölönen, Ismo, 1975-)</subfield>
  </datafield>
</record>