
<record>
  <leader>01325nz  a2200277n  4500</leader>
  <controlfield tag="001">11257884</controlfield>
  <controlfield tag="003">DLC</controlfield>
  <controlfield tag="005">20200103110248.0</controlfield>
  <controlfield tag="008">200103n| azannaabn          |b aaa      </controlfield>
  <datafield tag="010" ind1=" " ind2=" ">
    <subfield code="a">n 2020000265</subfield>
  </datafield>
  <datafield tag="040" ind1=" " ind2=" ">
    <subfield code="a">DLC</subfield>
    <subfield code="b">eng</subfield>
    <subfield code="e">rda</subfield>
    <subfield code="c">DLC</subfield>
  </datafield>
  <datafield tag="046" ind1=" " ind2=" ">
    <subfield code="f">1890-10-29</subfield>
    <subfield code="g">1963-02-24</subfield>
    <subfield code="2">edtf</subfield>
  </datafield>
  <datafield tag="100" ind1="1" ind2=" ">
    <subfield code="a">Tit︠s︡, B.</subfield>
    <subfield code="q">(Boris),</subfield>
    <subfield code="d">1890-1963</subfield>
  </datafield>
  <datafield tag="370" ind1=" " ind2=" ">
    <subfield code="c">Russia</subfield>
    <subfield code="f">Soviet Union</subfield>
    <subfield code="2">naf</subfield>
  </datafield>
  <datafield tag="372" ind1=" " ind2=" ">
    <subfield code="a">Law</subfield>
    <subfield code="a">Performing arts</subfield>
    <subfield code="a">Musical criticism</subfield>
    <subfield code="2">lcsh</subfield>
  </datafield>
  <datafield tag="374" ind1=" " ind2=" ">
    <subfield code="a">Lawyers</subfield>
    <subfield code="a">Pianists</subfield>
    <subfield code="a">Music critics</subfield>
    <subfield code="2">lcsh</subfield>
  </datafield>
  <datafield tag="375" ind1=" " ind2=" ">
    <subfield code="a">Males</subfield>
    <subfield code="2">lcdgt</subfield>
  </datafield>
  <datafield tag="377" ind1=" " ind2=" ">
    <subfield code="a">rus</subfield>
  </datafield>
  <datafield tag="378" ind1=" " ind2=" ">
    <subfield code="q">Boris Borisovich</subfield>
  </datafield>
  <datafield tag="400" ind1="1" ind2=" ">
    <subfield code="a">Tit︠s︡, Boris,</subfield>
    <subfield code="d">1890-1963</subfield>
  </datafield>
  <datafield tag="400" ind1="1" ind2=" ">
    <subfield code="a">Tiit︠s︡, Boris Borisovich,</subfield>
    <subfield code="d">1890-1963</subfield>
  </datafield>
  <datafield tag="400" ind1="1" ind2=" ">
    <subfield code="a">Titz, Boris,</subfield>
    <subfield code="d">1890-1963</subfield>
  </datafield>
  <datafield tag="400" ind1="1" ind2=" ">
    <subfield code="a">Тиц, Борис Борисович,</subfield>
    <subfield code="d">1890-1963</subfield>
  </datafield>
  <datafield tag="667" ind1=" " ind2=" ">
    <subfield code="a">Non-Latin script reference not evaluated.</subfield>
  </datafield>
  <datafield tag="670" ind1=" " ind2=" ">
    <subfield code="a">Pervyĭ kont︠s︡ert dli︠a︡ fortepiano s orkestrom, soch. 4, 1950:</subfield>
    <subfield code="b">title page (redakt︠s︡ii︠a︡ partii vtorogo fortepiano B. Tit︠s︡a B. Tit︠s︡a)</subfield>
  </datafield>
  <datafield tag="670" ind1=" " ind2=" ">
    <subfield code="a">K. May Gymnasium webpage, viewed online Jan. 3, 2020</subfield>
    <subfield code="b">(Борис Борисович Тиц  Boris Titz    29.10.1890 - 24.02.1963;  юрист, пианист, музыкальный критик = [Boris Borisovich Tiit︠s︡, Boris Titz, b. Oct. 29, 1890 - d. Feb. 24, 1963; lawyer, pianist, music critic])</subfield>
  </datafield>
</record>