
<record>
  <leader>01599cz  a2200241n  4500</leader>
  <controlfield tag="001">11257885</controlfield>
  <controlfield tag="003">DLC</controlfield>
  <controlfield tag="005">20200103110429.0</controlfield>
  <controlfield tag="008">200103n| azannaabn          |b aaa      </controlfield>
  <datafield tag="010" ind1=" " ind2=" ">
    <subfield code="a">n 2020000251</subfield>
  </datafield>
  <datafield tag="040" ind1=" " ind2=" ">
    <subfield code="a">DLC</subfield>
    <subfield code="b">eng</subfield>
    <subfield code="e">rda</subfield>
    <subfield code="c">DLC</subfield>
  </datafield>
  <datafield tag="100" ind1="1" ind2=" ">
    <subfield code="a">Mozalevskiĭ, Viktor Ivanovich,</subfield>
    <subfield code="d">1889-1970</subfield>
  </datafield>
  <datafield tag="370" ind1=" " ind2=" ">
    <subfield code="a">Poland</subfield>
    <subfield code="b">Moscow (Russia)</subfield>
    <subfield code="2">lcsh</subfield>
  </datafield>
  <datafield tag="372" ind1=" " ind2=" ">
    <subfield code="a">Short stories, Russian</subfield>
    <subfield code="a">French literature</subfield>
    <subfield code="2">lcsh</subfield>
  </datafield>
  <datafield tag="374" ind1=" " ind2=" ">
    <subfield code="a">Authors, Russian</subfield>
    <subfield code="a">Poets, Russian</subfield>
    <subfield code="a">Translators</subfield>
    <subfield code="2">lcsh</subfield>
  </datafield>
  <datafield tag="377" ind1=" " ind2=" ">
    <subfield code="a">rus</subfield>
  </datafield>
  <datafield tag="400" ind1="1" ind2=" ">
    <subfield code="a">Mozalevskiĭ, V.</subfield>
    <subfield code="q">(Viktor),</subfield>
    <subfield code="d">1889-1970</subfield>
  </datafield>
  <datafield tag="400" ind1="1" ind2=" ">
    <subfield code="a">Мозалевский, Виктор Иванович,</subfield>
    <subfield code="d">1889-1970.</subfield>
  </datafield>
  <datafield tag="667" ind1=" " ind2=" ">
    <subfield code="a">Non-Latin script reference not evaluated.</subfield>
  </datafield>
  <datafield tag="670" ind1=" " ind2=" ">
    <subfield code="a">Polonʺ, 1916:</subfield>
    <subfield code="b">title page (V. Mozalevskīĭ)</subfield>
  </datafield>
  <datafield tag="670" ind1=" " ind2=" ">
    <subfield code="a">Russian National Library card catalog online, viewed 03 January 2020:</subfield>
    <subfield code="b">(heading: Мозалевский, Виктор Иванович, 1889; usage: Виктор Мозалевский, В.И. Мозалевский)</subfield>
  </datafield>
  <datafield tag="670" ind1=" " ind2=" ">
    <subfield code="a">Rossiĭskiĭ gosudarstvennyĭ arkhiv literatury i iskusstva, viewed online 03 January 2020:</subfield>
    <subfield code="b">(Мозалевский, Виктор Иванович, 1889-1970 = Mozalevskiĭ, Viktor Ivanovich: writer of short stories, memoires)</subfield>
  </datafield>
  <datafield tag="670" ind1=" " ind2=" ">
    <subfield code="a">Russian Vikipedii︠a︡, viewed 03 January 2020:</subfield>
    <subfield code="b">(Мозалевский, Виктор Иванович: born 15 (27) July 1889 in Włocławek, Poland, Russian Empire, died 26 November 1970 in Moscow, son of a military doctor, descendant of the Decembrist A.E. Mozalevskiĭ; Russian-language writer, poet, translator especially of works of Guy de Maupassant)</subfield>
  </datafield>
</record>