
<record>
  <leader>00820nz  a2200145n  4500</leader>
  <controlfield tag="001">11257886</controlfield>
  <controlfield tag="003">DLC</controlfield>
  <controlfield tag="005">20200103110725.0</controlfield>
  <controlfield tag="008">200103n| azannaabn          |a aaa      </controlfield>
  <datafield tag="010" ind1=" " ind2=" ">
    <subfield code="a">n 2020000266</subfield>
  </datafield>
  <datafield tag="040" ind1=" " ind2=" ">
    <subfield code="a">DLC</subfield>
    <subfield code="b">eng</subfield>
    <subfield code="e">rda</subfield>
    <subfield code="c">DLC</subfield>
  </datafield>
  <datafield tag="100" ind1="1" ind2=" ">
    <subfield code="a">Ferrández San Miguel, María</subfield>
  </datafield>
  <datafield tag="400" ind1="1" ind2=" ">
    <subfield code="a">Miguel, María Ferrández San</subfield>
  </datafield>
  <datafield tag="400" ind1="1" ind2=" ">
    <subfield code="a">San Miguel, María Ferrández</subfield>
  </datafield>
  <datafield tag="670" ind1=" " ind2=" ">
    <subfield code="a">Trauma, gender and ethics in the works of E.L. Doctorow, 2020:</subfield>
    <subfield code="b">CIP title page (María Ferrández San Miguel) galley (María Ferrández San Miguel is a lecturer at the Department of English and German Studies (University of Zaragoza). Her work has been published in journals such as Atlantis, The Nordic Journal of English Studies and Orbis Litterarum, and in volumes such as Memory Frictions: Conflict, Negotiation, Politics (Palgrave MacMillan)</subfield>
  </datafield>
</record>