
<record>
  <leader>00948nz  a2200217n  4500</leader>
  <controlfield tag="001">11257889</controlfield>
  <controlfield tag="003">DLC</controlfield>
  <controlfield tag="005">20200103111918.0</controlfield>
  <controlfield tag="008">200103n| azannaabn          |a ana      </controlfield>
  <datafield tag="010" ind1=" " ind2=" ">
    <subfield code="a">n 2020000272</subfield>
  </datafield>
  <datafield tag="040" ind1=" " ind2=" ">
    <subfield code="a">DLC</subfield>
    <subfield code="b">eng</subfield>
    <subfield code="e">rda</subfield>
    <subfield code="c">DLC</subfield>
  </datafield>
  <datafield tag="043" ind1=" " ind2=" ">
    <subfield code="a">s-bo---</subfield>
  </datafield>
  <datafield tag="046" ind1=" " ind2=" ">
    <subfield code="s">1985-04-15</subfield>
    <subfield code="2">edtf</subfield>
  </datafield>
  <datafield tag="151" ind1=" " ind2=" ">
    <subfield code="a">Quiabaya (Bolivia)</subfield>
  </datafield>
  <datafield tag="368" ind1=" " ind2=" ">
    <subfield code="b">Cities and towns</subfield>
    <subfield code="2">lcsh</subfield>
  </datafield>
  <datafield tag="370" ind1=" " ind2=" ">
    <subfield code="f">Larecaja (Bolivia : Province)</subfield>
    <subfield code="2">naf</subfield>
  </datafield>
  <datafield tag="451" ind1=" " ind2=" ">
    <subfield code="a">Quibaya (Bolivia)</subfield>
  </datafield>
  <datafield tag="670" ind1=" " ind2=" ">
    <subfield code="a">La lingüística y el léxico semántico del matrimonio aymara, 2018:</subfield>
    <subfield code="b">page 12 (Quiabaya, Larecaja province, La Paz department)</subfield>
  </datafield>
  <datafield tag="670" ind1=" " ind2=" ">
    <subfield code="a">GEOnet, January 3, 2020:</subfield>
    <subfield code="b">(Quiabaya, La Paz, Bolivia; PPL, 15°10ʹS 068°58ʹW; variant: Quibaya)</subfield>
  </datafield>
  <datafield tag="670" ind1=" " ind2=" ">
    <subfield code="a">Servicio Departamental de Autonomías de La Paz website, January 3, 2020:</subfield>
    <subfield code="b">(municipality of Quiabaya, Larecaja province; founded April 15, 1985)</subfield>
    <subfield code="u">http://autonomias.gobernacionlapaz.com/sim/municipio.php?mn=65</subfield>
  </datafield>
  <datafield tag="781" ind1=" " ind2="0">
    <subfield code="z">Bolivia</subfield>
    <subfield code="z">Quiabaya</subfield>
  </datafield>
</record>