
<record>
  <leader>00531nz  a2200157n  4500</leader>
  <controlfield tag="001">11257890</controlfield>
  <controlfield tag="003">DLC</controlfield>
  <controlfield tag="005">20200103111938.0</controlfield>
  <controlfield tag="008">200103n| azannaabn          |n aaa      </controlfield>
  <datafield tag="010" ind1=" " ind2=" ">
    <subfield code="a">n 2020000273</subfield>
  </datafield>
  <datafield tag="040" ind1=" " ind2=" ">
    <subfield code="a">DLC</subfield>
    <subfield code="b">eng</subfield>
    <subfield code="e">rda</subfield>
    <subfield code="c">DLC</subfield>
  </datafield>
  <datafield tag="100" ind1="1" ind2=" ">
    <subfield code="a">Sunderland, Hilma</subfield>
  </datafield>
  <datafield tag="370" ind1=" " ind2=" ">
    <subfield code="e">Madison (Wis.)</subfield>
    <subfield code="2">naf</subfield>
  </datafield>
  <datafield tag="374" ind1=" " ind2=" ">
    <subfield code="a">Lyricists</subfield>
    <subfield code="2">lcdgt</subfield>
  </datafield>
  <datafield tag="670" ind1=" " ind2=" ">
    <subfield code="a">Hanford, M.C. You American boys, 1912:</subfield>
    <subfield code="b">cover (words by Hilma Sunderland)</subfield>
  </datafield>
  <datafield tag="670" ind1=" " ind2=" ">
    <subfield code="a">U.S. copyright catalog, 1912, accessed via Google Books, January 3, 2020</subfield>
    <subfield code="b">(Hilma Sunderland, Madison, Wisconsin)</subfield>
  </datafield>
</record>