
<record>
  <leader>00562cz  a2200145n  4500</leader>
  <controlfield tag="001">11257891</controlfield>
  <controlfield tag="003">DLC</controlfield>
  <controlfield tag="005">20200103113101.0</controlfield>
  <controlfield tag="008">200103n| azannaabn          |b aaa      </controlfield>
  <datafield tag="010" ind1=" " ind2=" ">
    <subfield code="a">n 2020000274</subfield>
  </datafield>
  <datafield tag="040" ind1=" " ind2=" ">
    <subfield code="a">DLC</subfield>
    <subfield code="b">eng</subfield>
    <subfield code="e">rda</subfield>
    <subfield code="c">DLC</subfield>
  </datafield>
  <datafield tag="100" ind1="1" ind2=" ">
    <subfield code="a">Ḥayd, Aḥmad ibn Saʻd ibn Fahd</subfield>
  </datafield>
  <datafield tag="400" ind1="1" ind2=" ">
    <subfield code="a">‏حيد، أحمد بن سعد بن فهد.</subfield>
  </datafield>
  <datafield tag="667" ind1=" " ind2=" ">
    <subfield code="a">Non-Latin script reference not evaluated.</subfield>
  </datafield>
  <datafield tag="670" ind1=" " ind2=" ">
    <subfield code="a">al-Taṭbīqāt al-muʻāṣirah li-maṣārif al-zakāh, 2018:</subfield>
    <subfield code="b">title page (أحمد بن سعد بن فهد الحيد = Aḥmad ibn Saʻd ibn Fahd al-Ḥayd)</subfield>
  </datafield>
</record>