
<record>
  <leader>00375cz  a2200133n  4500</leader>
  <controlfield tag="001">11257892</controlfield>
  <controlfield tag="003">DLC</controlfield>
  <controlfield tag="005">20200103112929.0</controlfield>
  <controlfield tag="008">200103n| azannaabn          |a aaa      </controlfield>
  <datafield tag="010" ind1=" " ind2=" ">
    <subfield code="a">n 2020000275</subfield>
  </datafield>
  <datafield tag="040" ind1=" " ind2=" ">
    <subfield code="a">DLC</subfield>
    <subfield code="b">eng</subfield>
    <subfield code="c">DLC</subfield>
    <subfield code="e">rda</subfield>
  </datafield>
  <datafield tag="100" ind1="0" ind2=" ">
    <subfield code="a">ʼEmbāya Dadimās</subfield>
  </datafield>
  <datafield tag="400" ind1="1" ind2=" ">
    <subfield code="a">Dadimās, ʼEmbāya</subfield>
  </datafield>
  <datafield tag="670" ind1=" " ind2=" ">
    <subfield code="a">Koxab ṡebāḥ, 2008 [2015 or 2016]:</subfield>
    <subfield code="b">title page (ʼEmbāya Dadimās)</subfield>
  </datafield>
</record>