
<record>
  <leader>01000cz  a2200157n  4500</leader>
  <controlfield tag="001">11257893</controlfield>
  <controlfield tag="003">DLC</controlfield>
  <controlfield tag="005">20200103123841.0</controlfield>
  <controlfield tag="008">200103n| azannaabn          |n ana      </controlfield>
  <datafield tag="010" ind1=" " ind2=" ">
    <subfield code="a">n 2020000276</subfield>
  </datafield>
  <datafield tag="040" ind1=" " ind2=" ">
    <subfield code="a">DLC</subfield>
    <subfield code="b">eng</subfield>
    <subfield code="c">DLC</subfield>
    <subfield code="e">rda</subfield>
  </datafield>
  <datafield tag="151" ind1=" " ind2=" ">
    <subfield code="a">Bernhausen (Esslingen, Germany)</subfield>
  </datafield>
  <datafield tag="670" ind1=" " ind2=" ">
    <subfield code="a">Work cat.: Städte-Verlag E. v. Wagner &amp; J. Mitterhuber. Ortsplan Bernhausen und Sielmingen, 1971?</subfield>
  </datafield>
  <datafield tag="670" ind1=" " ind2=" ">
    <subfield code="a">Wikipedia, January 3, 2020</subfield>
    <subfield code="b">(Bernhausen is a former municipality in the Esslingen district, in Baden-Württemberg, Germany. It was first recorded in year 1089 as Berinhusen. In 1975 it was merged with the municipalities Bonlanden, Plattenhardt, Sielmingen and Harthausen to form the new town Filderstadt. Bernhausen is today a quartier of that town, formally named Filderstadt-Bernhausen.)</subfield>
  </datafield>
  <datafield tag="670" ind1=" " ind2=" ">
    <subfield code="a">GeoNames, January 3, 2020</subfield>
    <subfield code="b">(Bernhausen, ppl, Baden-Württemberg, 48° 40&apos; 44&quot; N, 009° 13&apos; 03&quot; E; lists another ppl with same name in Baden-Württemberg)</subfield>
  </datafield>
  <datafield tag="781" ind1=" " ind2="0">
    <subfield code="z">Germany</subfield>
    <subfield code="z">Bernhausen (Esslingen)</subfield>
  </datafield>
</record>