
<record>
  <leader>00513cz  a2200145n  4500</leader>
  <controlfield tag="001">11257895</controlfield>
  <controlfield tag="003">DLC</controlfield>
  <controlfield tag="005">20200103123916.0</controlfield>
  <controlfield tag="008">200103n| azannaabn          |n ana      </controlfield>
  <datafield tag="010" ind1=" " ind2=" ">
    <subfield code="a">n 2020000280</subfield>
  </datafield>
  <datafield tag="040" ind1=" " ind2=" ">
    <subfield code="a">DLC</subfield>
    <subfield code="b">eng</subfield>
    <subfield code="c">DLC</subfield>
    <subfield code="e">rda</subfield>
  </datafield>
  <datafield tag="151" ind1=" " ind2=" ">
    <subfield code="a">Sielmingen (Germany)</subfield>
  </datafield>
  <datafield tag="670" ind1=" " ind2=" ">
    <subfield code="a">Work cat.: Städte-Verlag E. v. Wagner &amp; J. Mitterhuber. Ortsplan Bernhausen und Sielmingen, 1971?</subfield>
  </datafield>
  <datafield tag="670" ind1=" " ind2=" ">
    <subfield code="a">GeoNames, January 3, 2020</subfield>
    <subfield code="b">(Sielmingen, ppl, Baden-Württemberg, 48° 40&apos; 17&quot; N, 009° 14&apos; 19&quot; E)</subfield>
  </datafield>
  <datafield tag="781" ind1=" " ind2="0">
    <subfield code="z">Germany</subfield>
    <subfield code="z">Sielmingen</subfield>
  </datafield>
</record>