
<record>
  <leader>00539nz  a2200133n  4500</leader>
  <controlfield tag="001">11257896</controlfield>
  <controlfield tag="003">DLC</controlfield>
  <controlfield tag="005">20200103113201.0</controlfield>
  <controlfield tag="008">200103n| azannaabn          |a aaa      </controlfield>
  <datafield tag="010" ind1=" " ind2=" ">
    <subfield code="a">n 2020000277</subfield>
  </datafield>
  <datafield tag="040" ind1=" " ind2=" ">
    <subfield code="a">DLC</subfield>
    <subfield code="b">eng</subfield>
    <subfield code="e">rda</subfield>
    <subfield code="c">DLC</subfield>
  </datafield>
  <datafield tag="100" ind1="1" ind2=" ">
    <subfield code="a">Saladino Haney, Lisa</subfield>
  </datafield>
  <datafield tag="400" ind1="1" ind2=" ">
    <subfield code="a">Haney, Lisa Saladino</subfield>
  </datafield>
  <datafield tag="670" ind1=" " ind2=" ">
    <subfield code="a">Visualizing coregency, 2020:</subfield>
    <subfield code="b">ECIP title page (Lisa Saladino Haney) data view (Lisa Saladino Haney; Ph.D., University of Pennsylvania, 2018. Egyptologist; research on Egypt&apos;s Middle Kingdom and Egyptian interconnections with the Near East)</subfield>
  </datafield>
</record>