
<record>
  <leader>00504nz  a2200145n  4500</leader>
  <controlfield tag="001">11257898</controlfield>
  <controlfield tag="003">DLC</controlfield>
  <controlfield tag="005">20200103113449.0</controlfield>
  <controlfield tag="008">200103n| azannaabn          |n ana      </controlfield>
  <datafield tag="010" ind1=" " ind2=" ">
    <subfield code="a">n 2020000279</subfield>
  </datafield>
  <datafield tag="040" ind1=" " ind2=" ">
    <subfield code="a">DLC</subfield>
    <subfield code="b">eng</subfield>
    <subfield code="e">rda</subfield>
    <subfield code="c">DLC</subfield>
  </datafield>
  <datafield tag="110" ind1="2" ind2=" ">
    <subfield code="a">Pikes Peak Community Foundation</subfield>
  </datafield>
  <datafield tag="370" ind1=" " ind2=" ">
    <subfield code="a">Colorado Springs (Colo.)</subfield>
    <subfield code="2">naf</subfield>
  </datafield>
  <datafield tag="372" ind1=" " ind2=" ">
    <subfield code="a">Nonprofit organizations</subfield>
    <subfield code="2">lcsh</subfield>
  </datafield>
  <datafield tag="670" ind1=" " ind2=" ">
    <subfield code="a">Venetucci, 2014:</subfield>
    <subfield code="b">title page (Pikes Peak Community Foundation) colophon (based in Colorado Springs, Colo.) p. 47 (Non-profit organization)</subfield>
  </datafield>
</record>