
<record>
  <leader>00430nz  a2200133n  4500</leader>
  <controlfield tag="001">11257900</controlfield>
  <controlfield tag="003">DLC</controlfield>
  <controlfield tag="005">20200103113523.0</controlfield>
  <controlfield tag="008">200103n| azannaabn          |a aaa      </controlfield>
  <datafield tag="010" ind1=" " ind2=" ">
    <subfield code="a">n 2020000284</subfield>
  </datafield>
  <datafield tag="040" ind1=" " ind2=" ">
    <subfield code="a">DLC</subfield>
    <subfield code="b">eng</subfield>
    <subfield code="e">rda</subfield>
    <subfield code="c">DLC</subfield>
  </datafield>
  <datafield tag="100" ind1="1" ind2=" ">
    <subfield code="a">Spencer, William,</subfield>
    <subfield code="d">1922-2009.</subfield>
    <subfield code="t">Land and people of Turkey.</subfield>
    <subfield code="l">Persian</subfield>
  </datafield>
  <datafield tag="400" ind1="1" ind2=" ">
    <subfield code="a">Spencer, William,</subfield>
    <subfield code="d">1922-2009.</subfield>
    <subfield code="t">Sarzamīn va mardum-i Turkīyah</subfield>
  </datafield>
  <datafield tag="670" ind1=" " ind2=" ">
    <subfield code="a">Sarzamīn va mardum-i Turkīyah, 1963.</subfield>
  </datafield>
</record>