
<record>
  <leader>00714nz  a2200193n  4500</leader>
  <controlfield tag="001">11257901</controlfield>
  <controlfield tag="003">DLC</controlfield>
  <controlfield tag="005">20200103113623.0</controlfield>
  <controlfield tag="008">200103n| azannaabn          |b aaa      </controlfield>
  <datafield tag="010" ind1=" " ind2=" ">
    <subfield code="a">n 2020000286</subfield>
  </datafield>
  <datafield tag="040" ind1=" " ind2=" ">
    <subfield code="a">DLC</subfield>
    <subfield code="b">eng</subfield>
    <subfield code="e">rda</subfield>
    <subfield code="c">DLC</subfield>
  </datafield>
  <datafield tag="100" ind1="1" ind2=" ">
    <subfield code="a">Altŭkova-Draganova, Marii︠a︡na K.</subfield>
  </datafield>
  <datafield tag="375" ind1=" " ind2=" ">
    <subfield code="a">Females</subfield>
    <subfield code="2">lcdgt</subfield>
  </datafield>
  <datafield tag="377" ind1=" " ind2=" ">
    <subfield code="a">bul</subfield>
  </datafield>
  <datafield tag="400" ind1="1" ind2=" ">
    <subfield code="a">Draganova, Marii︠a︡na K. Altŭkova-</subfield>
  </datafield>
  <datafield tag="400" ind1="1" ind2=" ">
    <subfield code="a">Алтъкова-Драганова, Марияна К.</subfield>
  </datafield>
  <datafield tag="667" ind1=" " ind2=" ">
    <subfield code="a">Non-Latin script reference not evaluated.</subfield>
  </datafield>
  <datafield tag="670" ind1=" " ind2=" ">
    <subfield code="a">101 temi za Kitaĭ, videni ot moi︠a︡ prozoret︠s︡, 2014:</subfield>
    <subfield code="b">title page (Марияна К. Алтъкова-Драганова, Marii︠a︡na K. Altŭkova-Draganova)</subfield>
  </datafield>
  <datafield tag="953" ind1=" " ind2=" ">
    <subfield code="a">fg10</subfield>
  </datafield>
</record>