
<record>
  <leader>00908nz  a2200157n  4500</leader>
  <controlfield tag="001">11257902</controlfield>
  <controlfield tag="003">DLC</controlfield>
  <controlfield tag="005">20200103113757.0</controlfield>
  <controlfield tag="008">200103n| azannaabn          |a ana      </controlfield>
  <datafield tag="010" ind1=" " ind2=" ">
    <subfield code="a">n 2020000285</subfield>
  </datafield>
  <datafield tag="040" ind1=" " ind2=" ">
    <subfield code="a">DLC</subfield>
    <subfield code="b">eng</subfield>
    <subfield code="e">rda</subfield>
    <subfield code="c">DLC</subfield>
  </datafield>
  <datafield tag="110" ind1="2" ind2=" ">
    <subfield code="a">Daniel K. Inouye Asia-Pacific Center for Security Studies</subfield>
  </datafield>
  <datafield tag="410" ind1="2" ind2=" ">
    <subfield code="a">DKI APCSS</subfield>
  </datafield>
  <datafield tag="510" ind1="2" ind2=" ">
    <subfield code="w">a</subfield>
    <subfield code="a">Asia-Pacific Center for Security Studies</subfield>
  </datafield>
  <datafield tag="670" ind1=" " ind2=" ">
    <subfield code="a">China&apos;s global influence, 2019:</subfield>
    <subfield code="b">title page (Daniel K. Inouye Asia-Pacific Center for Security Studies)</subfield>
  </datafield>
  <datafield tag="670" ind1=" " ind2=" ">
    <subfield code="a">Daniel K. Inouye Asia-Pacific Center for Security Studies website, viewed January 3, 2020:</subfield>
    <subfield code="b">(Daniel K. Inouye Asia-Pacific Center for Security Studies (DKI APCSS) is a U.S. Department of Defense institute. Asia-Pacific Center for Security Studies was established September 4, 1995. It was renamed the Daniel K. Inouye Asia-Pacific Center for Security Studies in 2015)</subfield>
    <subfield code="u">(https://apcss.org/about-2/faqs/)</subfield>
  </datafield>
</record>