
<record>
  <leader>00328nz  a2200121n  4500</leader>
  <controlfield tag="001">11257904</controlfield>
  <controlfield tag="003">DLC</controlfield>
  <controlfield tag="005">20200103113924.0</controlfield>
  <controlfield tag="008">200103n| azannaabn          |n aaa      </controlfield>
  <datafield tag="010" ind1=" " ind2=" ">
    <subfield code="a">n 2020000288</subfield>
  </datafield>
  <datafield tag="040" ind1=" " ind2=" ">
    <subfield code="a">DLC</subfield>
    <subfield code="b">eng</subfield>
    <subfield code="e">rda</subfield>
    <subfield code="c">DLC</subfield>
  </datafield>
  <datafield tag="100" ind1="1" ind2=" ">
    <subfield code="a">Burgoyne, Michael C.</subfield>
  </datafield>
  <datafield tag="670" ind1=" " ind2=" ">
    <subfield code="a">China&apos;s global influence, 2019:</subfield>
    <subfield code="b">title page (Michael C. Burgoyne)</subfield>
  </datafield>
</record>