
<record>
  <leader>01184nz  a2200193n  4500</leader>
  <controlfield tag="001">11257905</controlfield>
  <controlfield tag="003">DLC</controlfield>
  <controlfield tag="005">20200103114333.0</controlfield>
  <controlfield tag="008">200103n| azannaabn          |n aaa      </controlfield>
  <datafield tag="010" ind1=" " ind2=" ">
    <subfield code="a">n 2020000281</subfield>
  </datafield>
  <datafield tag="040" ind1=" " ind2=" ">
    <subfield code="a">DLC</subfield>
    <subfield code="b">eng</subfield>
    <subfield code="e">rda</subfield>
    <subfield code="c">DLC</subfield>
  </datafield>
  <datafield tag="046" ind1=" " ind2=" ">
    <subfield code="f">1968-01-26</subfield>
    <subfield code="2">edtf</subfield>
  </datafield>
  <datafield tag="100" ind1="1" ind2=" ">
    <subfield code="a">Maxfield, Derek D.</subfield>
  </datafield>
  <datafield tag="374" ind1=" " ind2=" ">
    <subfield code="a">College teachers</subfield>
    <subfield code="a">Historians</subfield>
    <subfield code="2">lcsh</subfield>
  </datafield>
  <datafield tag="377" ind1=" " ind2=" ">
    <subfield code="a">eng</subfield>
  </datafield>
  <datafield tag="378" ind1=" " ind2=" ">
    <subfield code="q">Derek Duane</subfield>
  </datafield>
  <datafield tag="670" ind1=" " ind2=" ">
    <subfield code="a">Hellmira, 2020:</subfield>
    <subfield code="b">title page (Derek Maxfield)</subfield>
  </datafield>
  <datafield tag="670" ind1=" " ind2=" ">
    <subfield code="a">Email from Derek D. Maxfield, January 3, 2019</subfield>
    <subfield code="b">(middle name is Duane-- though I would prefer use of the initial; date of birth is January 26, 1968; Associate Professor of History, Genesee Community College)</subfield>
  </datafield>
  <datafield tag="670" ind1=" " ind2=" ">
    <subfield code="a">Emerging Civil War web site, January 3, 2019:</subfield>
    <subfield code="b">author-biographies/authors/derek-maxfield (Derek Maxfield is an associate professor of history at Genesee Community College in Batavia, NY, where he is also coordinator of the college&apos;s Historical Horizons Lecture Series; Bachelors of Arts degree, SUNY Cortland; Master of Arts degree, Villanova University; PhD candidate at the University of Buffalo; research interests are 19th century politics and culture, especially Victorian death ways and the Civil War)</subfield>
  </datafield>
</record>