
<record>
  <leader>00360cz  a2200133n  4500</leader>
  <controlfield tag="001">11257906</controlfield>
  <controlfield tag="003">DLC</controlfield>
  <controlfield tag="005">20200103114632.0</controlfield>
  <controlfield tag="008">200103n| azannaabn          |n aaa      </controlfield>
  <datafield tag="010" ind1=" " ind2=" ">
    <subfield code="a">n 2020000289</subfield>
  </datafield>
  <datafield tag="040" ind1=" " ind2=" ">
    <subfield code="a">DLC</subfield>
    <subfield code="b">eng</subfield>
    <subfield code="e">rda</subfield>
    <subfield code="c">DLC</subfield>
  </datafield>
  <datafield tag="100" ind1="1" ind2=" ">
    <subfield code="a">Bryan, Brielle</subfield>
  </datafield>
  <datafield tag="377" ind1=" " ind2=" ">
    <subfield code="a">eng</subfield>
  </datafield>
  <datafield tag="670" ind1=" " ind2=" ">
    <subfield code="a">McGill, Larry. Building diversity, 2009:</subfield>
    <subfield code="b">cover (Brielle Bryan; research assistant)</subfield>
  </datafield>
</record>