
<record>
  <leader>00603nz  a2200145n  4500</leader>
  <controlfield tag="001">11257907</controlfield>
  <controlfield tag="003">DLC</controlfield>
  <controlfield tag="005">20200103114625.0</controlfield>
  <controlfield tag="008">200103n| azannaabn          |a aaa     d</controlfield>
  <datafield tag="010" ind1=" " ind2=" ">
    <subfield code="a">n 2020000290</subfield>
  </datafield>
  <datafield tag="040" ind1=" " ind2=" ">
    <subfield code="a">DLC</subfield>
    <subfield code="c">DLC</subfield>
    <subfield code="e">rda</subfield>
  </datafield>
  <datafield tag="100" ind1="1" ind2=" ">
    <subfield code="a">Schmidt, G. Z.</subfield>
    <subfield code="q">(Gail Zhuang)</subfield>
  </datafield>
  <datafield tag="400" ind1="1" ind2=" ">
    <subfield code="a">Schmidt, Gail Zhuang</subfield>
  </datafield>
  <datafield tag="670" ind1=" " ind2=" ">
    <subfield code="a">No ordinary thing, 2020:</subfield>
    <subfield code="b">ECIP title page (G.Z. Schmidt)</subfield>
  </datafield>
  <datafield tag="670" ind1=" " ind2=" ">
    <subfield code="a">Author&apos;s web page, gzwrites.com, as viewed 01/03/2020:</subfield>
    <subfield code="b">About (Gail Zhuang Schmidt; born in China; grew up in the Midwest and the South; BA in Economics, Wellesley College; worked as an analyst; currently lives in Switzerland)</subfield>
  </datafield>
</record>