
<record>
  <leader>00385nz  a2200133n  4500</leader>
  <controlfield tag="001">11257908</controlfield>
  <controlfield tag="003">DLC</controlfield>
  <controlfield tag="005">20200103115022.0</controlfield>
  <controlfield tag="008">200103n| azannaabn          |n aaa      </controlfield>
  <datafield tag="010" ind1=" " ind2=" ">
    <subfield code="a">n 2020000291</subfield>
  </datafield>
  <datafield tag="040" ind1=" " ind2=" ">
    <subfield code="a">DLC</subfield>
    <subfield code="b">eng</subfield>
    <subfield code="c">DLC</subfield>
    <subfield code="e">rda</subfield>
  </datafield>
  <datafield tag="100" ind1="1" ind2=" ">
    <subfield code="a">Avaki︠a︡n, Avetis</subfield>
  </datafield>
  <datafield tag="670" ind1=" " ind2=" ">
    <subfield code="a">Siro-armi︠a︡nskie literaturnye svi︠a︡zi v IV-V vv., 2015:</subfield>
    <subfield code="b">title page (Avetis Avaki︠a︡n)</subfield>
  </datafield>
  <datafield tag="953" ind1=" " ind2=" ">
    <subfield code="a">cd24</subfield>
  </datafield>
</record>