
<record>
  <leader>00567nz  a2200145n  4500</leader>
  <controlfield tag="001">11257910</controlfield>
  <controlfield tag="003">DLC</controlfield>
  <controlfield tag="005">20200103115311.0</controlfield>
  <controlfield tag="008">200103n| azannaabn          |a ana      </controlfield>
  <datafield tag="010" ind1=" " ind2=" ">
    <subfield code="a">n 2020000292</subfield>
  </datafield>
  <datafield tag="040" ind1=" " ind2=" ">
    <subfield code="a">DLC</subfield>
    <subfield code="b">eng</subfield>
    <subfield code="c">DLC</subfield>
    <subfield code="e">rda</subfield>
  </datafield>
  <datafield tag="110" ind1="2" ind2=" ">
    <subfield code="a">Hayastani Hanrapetutʻyan Aṛajin Nakhagahi Arkhiv</subfield>
  </datafield>
  <datafield tag="410" ind1="2" ind2=" ">
    <subfield code="a">Arkhiv Pervogo Prezidenta Respubliki Armenii︠a︡</subfield>
  </datafield>
  <datafield tag="670" ind1=" " ind2=" ">
    <subfield code="a">Siro-armi︠a︡nskie literaturnye svi︠a︡zi v IV-V vv., 2015:</subfield>
    <subfield code="b">title page (Hayastani Hanrapetutʻyan aṛajin nakhagahi arkhiv; Arkhiv pervogo prezidenta Respubliki Armenii︠a︡)</subfield>
  </datafield>
  <datafield tag="953" ind1=" " ind2=" ">
    <subfield code="a">cd24</subfield>
  </datafield>
</record>