
<record>
  <leader>00435cz  a2200145n  4500</leader>
  <controlfield tag="001">11257911</controlfield>
  <controlfield tag="003">DLC</controlfield>
  <controlfield tag="005">20200103115549.0</controlfield>
  <controlfield tag="008">200103n| azannaabn          |n aaa      </controlfield>
  <datafield tag="010" ind1=" " ind2=" ">
    <subfield code="a">n 2020250004</subfield>
  </datafield>
  <datafield tag="040" ind1=" " ind2=" ">
    <subfield code="a">DLC</subfield>
    <subfield code="b">eng</subfield>
    <subfield code="c">DLC</subfield>
    <subfield code="e">rda</subfield>
  </datafield>
  <datafield tag="100" ind1="1" ind2=" ">
    <subfield code="a">Placência, Odila</subfield>
  </datafield>
  <datafield tag="377" ind1=" " ind2=" ">
    <subfield code="a">por</subfield>
  </datafield>
  <datafield tag="670" ind1=" " ind2=" ">
    <subfield code="a">Vence o amor, 1986:</subfield>
    <subfield code="b">t.p. (Odila Placência)</subfield>
  </datafield>
  <datafield tag="670" ind1=" " ind2=" ">
    <subfield code="a">Memória viva de Barueri, 2004:</subfield>
    <subfield code="b">title page (Odila Placência) p. 11 (b. São Manoel, SP)</subfield>
  </datafield>
</record>