
<record>
  <leader>00775nz  a2200193n  4500</leader>
  <controlfield tag="001">11257912</controlfield>
  <controlfield tag="003">DLC</controlfield>
  <controlfield tag="005">20200103120059.0</controlfield>
  <controlfield tag="008">200103n| azannaabn          |a aaa      </controlfield>
  <datafield tag="010" ind1=" " ind2=" ">
    <subfield code="a">n 2020250006</subfield>
  </datafield>
  <datafield tag="040" ind1=" " ind2=" ">
    <subfield code="a">DLC</subfield>
    <subfield code="b">eng</subfield>
    <subfield code="c">DLC</subfield>
    <subfield code="e">rda</subfield>
  </datafield>
  <datafield tag="100" ind1="1" ind2=" ">
    <subfield code="a">Araújo, Ana Maria R. Camara</subfield>
  </datafield>
  <datafield tag="373" ind1=" " ind2=" ">
    <subfield code="a">Universidade Cruzeiro do Sul</subfield>
    <subfield code="2">naf</subfield>
  </datafield>
  <datafield tag="377" ind1=" " ind2=" ">
    <subfield code="a">por</subfield>
  </datafield>
  <datafield tag="378" ind1=" " ind2=" ">
    <subfield code="q">Ana Maria Ramalho Camara</subfield>
  </datafield>
  <datafield tag="400" ind1="1" ind2=" ">
    <subfield code="a">Camara Araújo, Ana Maria R.</subfield>
  </datafield>
  <datafield tag="400" ind1="1" ind2=" ">
    <subfield code="a">Camara Araújo, Ana Maria Ramalho</subfield>
  </datafield>
  <datafield tag="400" ind1="1" ind2=" ">
    <subfield code="a">Ramalho Camara Araújo, Ana Maria</subfield>
  </datafield>
  <datafield tag="670" ind1=" " ind2=" ">
    <subfield code="a">Festa do Divino e suas transformações na comunicação e cultura, 2005:</subfield>
    <subfield code="b">title page (Ana Maria R. Camara Araújo) back flap (Ana Maria Ramalho Carama Araújo; master degree, Comunicação e Semiótica, PUC-SP; adjunct prof., UNICSUL)</subfield>
  </datafield>
</record>