
<record>
  <leader>00874cz  a2200181o  4500</leader>
  <controlfield tag="001">11257913</controlfield>
  <controlfield tag="003">DLC</controlfield>
  <controlfield tag="005">20200103134922.0</controlfield>
  <controlfield tag="008">200103n| azannaabn          |n aaa     d</controlfield>
  <datafield tag="010" ind1=" " ind2=" ">
    <subfield code="a"></subfield>
  </datafield>
  <datafield tag="040" ind1=" " ind2=" ">
    <subfield code="a">DLC</subfield>
    <subfield code="b">eng</subfield>
    <subfield code="e">rda</subfield>
    <subfield code="c">DLC</subfield>
  </datafield>
  <datafield tag="100" ind1="1" ind2=" ">
    <subfield code="a">Moraes, Ana Pinto</subfield>
  </datafield>
  <datafield tag="370" ind1=" " ind2=" ">
    <subfield code="c">Portugal</subfield>
    <subfield code="2">lcsh</subfield>
  </datafield>
  <datafield tag="372" ind1=" " ind2=" ">
    <subfield code="a">Taxation--Law and legislation</subfield>
    <subfield code="2">lcsh</subfield>
  </datafield>
  <datafield tag="374" ind1=" " ind2=" ">
    <subfield code="a">Tax lawyers</subfield>
    <subfield code="2">lcsh</subfield>
  </datafield>
  <datafield tag="375" ind1=" " ind2=" ">
    <subfield code="a">Females</subfield>
    <subfield code="2">lcsh</subfield>
  </datafield>
  <datafield tag="670" ind1=" " ind2=" ">
    <subfield code="a">Reivestimento na mais-valias imobiliárias, 2019:</subfield>
    <subfield code="b">title page (Ana Pinto Moraes, Advogada e Mestre en Gestão Fiscal),</subfield>
  </datafield>
  <datafield tag="670" ind1=" " ind2=" ">
    <subfield code="a">LinkedIn website, viewed 1/3/2020</subfield>
    <subfield code="b">(Ana Pinto Moraes, Tax Lawyer/Tax Department Coordinator at Pinto Ribeiro Advogados, Portugal (since 2019); Formação acadêmica: Instituto Superior de Gestão, Mestrado em Gestão Fiscal (Master in Tax), 2017; Faculdade de Direito da Universidade de Lisboa, Licenciatura Direito (Law Degree) , 2005).</subfield>
  </datafield>
</record>