
<record>
  <leader>00385nz  a2200133n  4500</leader>
  <controlfield tag="001">11257914</controlfield>
  <controlfield tag="003">DLC</controlfield>
  <controlfield tag="005">20200103120730.0</controlfield>
  <controlfield tag="008">200103n| azannaabn          |n aaa      </controlfield>
  <datafield tag="010" ind1=" " ind2=" ">
    <subfield code="a">n 2020250005</subfield>
  </datafield>
  <datafield tag="040" ind1=" " ind2=" ">
    <subfield code="a">DLC</subfield>
    <subfield code="b">eng</subfield>
    <subfield code="c">DLC</subfield>
    <subfield code="e">rda</subfield>
  </datafield>
  <datafield tag="100" ind1="1" ind2=" ">
    <subfield code="a">Allegretti, José Raul</subfield>
  </datafield>
  <datafield tag="377" ind1=" " ind2=" ">
    <subfield code="a">por</subfield>
  </datafield>
  <datafield tag="670" ind1=" " ind2=" ">
    <subfield code="a">Seminário Novos Rumos para um Desenvolvimento Sustentável, 2015:</subfield>
    <subfield code="b">t.p. (José Raul Allegretti)</subfield>
  </datafield>
</record>