
<record>
  <leader>00682nz  a2200193n  4500</leader>
  <controlfield tag="001">11257915</controlfield>
  <controlfield tag="003">DLC</controlfield>
  <controlfield tag="005">20200103120808.0</controlfield>
  <controlfield tag="008">200103n| azannaabn          |a aaa      </controlfield>
  <datafield tag="010" ind1=" " ind2=" ">
    <subfield code="a">n 2020000294</subfield>
  </datafield>
  <datafield tag="040" ind1=" " ind2=" ">
    <subfield code="a">DLC</subfield>
    <subfield code="c">DLC</subfield>
    <subfield code="e">rda</subfield>
  </datafield>
  <datafield tag="046" ind1=" " ind2=" ">
    <subfield code="f">1961</subfield>
  </datafield>
  <datafield tag="100" ind1="1" ind2=" ">
    <subfield code="a">Contreras Hernández, Juan,</subfield>
    <subfield code="d">1961-</subfield>
  </datafield>
  <datafield tag="370" ind1=" " ind2=" ">
    <subfield code="a">Álvaro Obregón, Mexico City, Mexico</subfield>
  </datafield>
  <datafield tag="374" ind1=" " ind2=" ">
    <subfield code="a">Poets;</subfield>
    <subfield code="a">Ballet directors;</subfield>
    <subfield code="a">Short story writers</subfield>
  </datafield>
  <datafield tag="375" ind1=" " ind2=" ">
    <subfield code="a">male</subfield>
  </datafield>
  <datafield tag="377" ind1=" " ind2=" ">
    <subfield code="a">spa</subfield>
  </datafield>
  <datafield tag="400" ind1="1" ind2=" ">
    <subfield code="a">Hernández, Juan Contreras,</subfield>
    <subfield code="d">1961-</subfield>
  </datafield>
  <datafield tag="670" ind1=" " ind2=" ">
    <subfield code="a">Amour, amore, amor, 2019:</subfield>
    <subfield code="b">title page (Juan Contreras Hernández) front flap (b. 1961 in Álvaro Obregón, Mexico City, Mexico; ballet director, poet and short story writer)</subfield>
  </datafield>
</record>