
<record>
  <leader>00578nz  a2200157n  4500</leader>
  <controlfield tag="001">11257916</controlfield>
  <controlfield tag="003">DLC</controlfield>
  <controlfield tag="005">20200103121056.0</controlfield>
  <controlfield tag="008">200103n| azannaabn          |b aaa      </controlfield>
  <datafield tag="010" ind1=" " ind2=" ">
    <subfield code="a">n 2020000295</subfield>
  </datafield>
  <datafield tag="040" ind1=" " ind2=" ">
    <subfield code="a">DLC</subfield>
    <subfield code="b">eng</subfield>
    <subfield code="e">rda</subfield>
    <subfield code="c">DLC</subfield>
  </datafield>
  <datafield tag="100" ind1="1" ind2=" ">
    <subfield code="a">Nawrūzī, Muḥammad</subfield>
    <subfield code="c">(Translator)</subfield>
  </datafield>
  <datafield tag="400" ind1="1" ind2=" ">
    <subfield code="a">نوروزى، محمد</subfield>
  </datafield>
  <datafield tag="400" ind1="1" ind2=" ">
    <subfield code="a">Nowroozi, M.</subfield>
  </datafield>
  <datafield tag="667" ind1=" " ind2=" ">
    <subfield code="a">Non-Latin script reference not evaluated.</subfield>
  </datafield>
  <datafield tag="670" ind1=" " ind2=" ">
    <subfield code="a">Sarzamīn va mardum-i Ālmān, 1963:</subfield>
    <subfield code="b">title page (محمد نوروزى = Muḥammad Nawrūzī, translator from English to Persian) added t.p. (M. Nowroozi [in rom.])</subfield>
  </datafield>
</record>