
<record>
  <leader>00393cz  a2200145n  4500</leader>
  <controlfield tag="001">11257917</controlfield>
  <controlfield tag="003">DLC</controlfield>
  <controlfield tag="005">20200103122151.0</controlfield>
  <controlfield tag="008">200103n| azannaabn          |n aaa      </controlfield>
  <datafield tag="010" ind1=" " ind2=" ">
    <subfield code="a">n 2020000296</subfield>
  </datafield>
  <datafield tag="040" ind1=" " ind2=" ">
    <subfield code="a">DLC</subfield>
    <subfield code="b">eng</subfield>
    <subfield code="e">rda</subfield>
    <subfield code="c">DLC</subfield>
  </datafield>
  <datafield tag="100" ind1="1" ind2=" ">
    <subfield code="a">N&apos;guessan, Ahepka Yves Moïse</subfield>
  </datafield>
  <datafield tag="375" ind1=" " ind2=" ">
    <subfield code="a">Males</subfield>
    <subfield code="2">lcdgt</subfield>
  </datafield>
  <datafield tag="377" ind1=" " ind2=" ">
    <subfield code="a">fre</subfield>
  </datafield>
  <datafield tag="670" ind1=" " ind2=" ">
    <subfield code="a">Les femmes de sa vie, 2019:</subfield>
    <subfield code="b">title page (Ahepka Yves Moïse N&apos;guessan)</subfield>
  </datafield>
</record>