
<record>
  <leader>01674nz  a2200193n  4500</leader>
  <controlfield tag="001">11257918</controlfield>
  <controlfield tag="003">DLC</controlfield>
  <controlfield tag="005">20200103121403.0</controlfield>
  <controlfield tag="008">200103n| azannaabn          |n aaa      </controlfield>
  <datafield tag="010" ind1=" " ind2=" ">
    <subfield code="a">n 2020000298</subfield>
  </datafield>
  <datafield tag="040" ind1=" " ind2=" ">
    <subfield code="a">DLC</subfield>
    <subfield code="b">eng</subfield>
    <subfield code="e">rda</subfield>
    <subfield code="c">DLC</subfield>
  </datafield>
  <datafield tag="046" ind1=" " ind2=" ">
    <subfield code="s">2005</subfield>
    <subfield code="2">edtf</subfield>
  </datafield>
  <datafield tag="100" ind1="1" ind2=" ">
    <subfield code="a">Matović, Mirjana</subfield>
    <subfield code="c">(Ethnomusicologist)</subfield>
  </datafield>
  <datafield tag="370" ind1=" " ind2=" ">
    <subfield code="a">Belgrade (Serbia)</subfield>
    <subfield code="c">Serbia</subfield>
    <subfield code="2">naf</subfield>
  </datafield>
  <datafield tag="372" ind1=" " ind2=" ">
    <subfield code="a">Spanish literature</subfield>
    <subfield code="a">Ethnomusicology</subfield>
    <subfield code="2">lcsh</subfield>
  </datafield>
  <datafield tag="374" ind1=" " ind2=" ">
    <subfield code="a">Ethnomusicologists</subfield>
    <subfield code="2">lcsh</subfield>
  </datafield>
  <datafield tag="375" ind1=" " ind2=" ">
    <subfield code="a">Females</subfield>
    <subfield code="2">lcdgt</subfield>
  </datafield>
  <datafield tag="670" ind1=" " ind2=" ">
    <subfield code="a">Muzika na kraju veka, 2018:</subfield>
    <subfield code="b">title page (Mirjana B. Matović)</subfield>
  </datafield>
  <datafield tag="670" ind1=" " ind2=" ">
    <subfield code="a">fedorabg.bg.ac.rs, viewed online Jan. 3, 2020</subfield>
    <subfield code="b">(M. Matovic&apos;s doctoral dissertation. Short biography: Мирјана Матовић рођена је у Београду. Дипломирала је 2005. године на Филолошком факултету Унивезитета у Београду, група за шпански језик и хиспанске  књижевности. Године  2007.  дипломирала  је  на Факултету  музичке уметности  Универзитета  у  Београду,  одсек  етномузикологија.  Докторске  студије уписала  је  2010.  године  на  Филолошком  факултету  у  Београду,  модул  Култура = [Mirjana Matović, born in Belgrade; graduated in 2005 from the Belgrade University Philosophy Department, Spanish Language and Literature; graduated in 2007 from the Music Department, degree in ethnomusicology; defended her dissertation in 2010, Cultural Studies])</subfield>
    <subfield code="u">https://fedorabg.bg.ac.rs/fedora/get/o:11184/bdef:Content/get</subfield>
  </datafield>
</record>