
<record>
  <leader>00588nz  a2200157n  4500</leader>
  <controlfield tag="001">11257920</controlfield>
  <controlfield tag="003">DLC</controlfield>
  <controlfield tag="005">20200103122014.0</controlfield>
  <controlfield tag="008">200103n| azannaabn          |a aaa      </controlfield>
  <datafield tag="010" ind1=" " ind2=" ">
    <subfield code="a">n 2020000300</subfield>
  </datafield>
  <datafield tag="040" ind1=" " ind2=" ">
    <subfield code="a">DLC</subfield>
    <subfield code="b">eng</subfield>
    <subfield code="c">DLC</subfield>
    <subfield code="e">rda</subfield>
  </datafield>
  <datafield tag="100" ind1="1" ind2=" ">
    <subfield code="a">Ortolá Seguí, Ma. Mercedes</subfield>
    <subfield code="q">(María Mercedes)</subfield>
  </datafield>
  <datafield tag="377" ind1=" " ind2=" ">
    <subfield code="a">spa</subfield>
  </datafield>
  <datafield tag="400" ind1="1" ind2=" ">
    <subfield code="a">Ortolá Seguí, María Mercedes</subfield>
  </datafield>
  <datafield tag="400" ind1="1" ind2=" ">
    <subfield code="a">Seguí, Ma. Mercedes Ortolá</subfield>
    <subfield code="q">(María Mercedes Ortolá)</subfield>
  </datafield>
  <datafield tag="670" ind1=" " ind2=" ">
    <subfield code="a">El procedimiento sancionador y su aplicación a la normativa de protección animal autonómica, 2018:</subfield>
    <subfield code="b">title page (Ma. Mercedes Ortolá Seguí)</subfield>
  </datafield>
</record>