
<record>
  <leader>00843cz  a2200217n  4500</leader>
  <controlfield tag="001">11257922</controlfield>
  <controlfield tag="003">DLC</controlfield>
  <controlfield tag="005">20200103123429.0</controlfield>
  <controlfield tag="008">200103n| azannaabn          |b aaa      </controlfield>
  <datafield tag="010" ind1=" " ind2=" ">
    <subfield code="a">n 2020000297</subfield>
  </datafield>
  <datafield tag="040" ind1=" " ind2=" ">
    <subfield code="a">DLC</subfield>
    <subfield code="b">eng</subfield>
    <subfield code="e">rda</subfield>
    <subfield code="c">DLC</subfield>
  </datafield>
  <datafield tag="100" ind1="1" ind2=" ">
    <subfield code="a">Alekperov, A. A.</subfield>
    <subfield code="q">(Avaz Akper ogly)</subfield>
  </datafield>
  <datafield tag="370" ind1=" " ind2=" ">
    <subfield code="c">Baku (Azerbaijan)</subfield>
    <subfield code="2">naf</subfield>
  </datafield>
  <datafield tag="374" ind1=" " ind2=" ">
    <subfield code="a">Economists</subfield>
    <subfield code="2">lcsh</subfield>
  </datafield>
  <datafield tag="375" ind1=" " ind2=" ">
    <subfield code="a">male</subfield>
  </datafield>
  <datafield tag="377" ind1=" " ind2=" ">
    <subfield code="a">aze</subfield>
    <subfield code="a">rus</subfield>
  </datafield>
  <datafield tag="400" ind1="1" ind2=" ">
    <subfield code="a">Алекперов, А. А.</subfield>
    <subfield code="q">(Аваз Акпер оглы)</subfield>
  </datafield>
  <datafield tag="400" ind1="1" ind2=" ">
    <subfield code="a">Alekperov, Avaz Akper ogly</subfield>
  </datafield>
  <datafield tag="400" ind1="1" ind2=" ">
    <subfield code="a">Алекперов, Аваз Акпер оглы</subfield>
  </datafield>
  <datafield tag="667" ind1=" " ind2=" ">
    <subfield code="a">Non-Latin script reference not evaluated.</subfield>
  </datafield>
  <datafield tag="670" ind1=" " ind2=" ">
    <subfield code="a">Anatomii︠a︡ globalʹnogo ėkonomicheskogo krizisa, 2019:</subfield>
    <subfield code="b">title page (А.А. Алекперов = A.A. Alekperov) colophon (Алекперов Аваз Акпер оглы = Alekperov Avaz Akper ogly)</subfield>
  </datafield>
</record>