
<record>
  <leader>00638nz  a2200157n  4500</leader>
  <controlfield tag="001">11257923</controlfield>
  <controlfield tag="003">DLC</controlfield>
  <controlfield tag="005">20200103124036.0</controlfield>
  <controlfield tag="008">200103n| azannaabn          |n ana      </controlfield>
  <datafield tag="010" ind1=" " ind2=" ">
    <subfield code="a">n 2020000302</subfield>
  </datafield>
  <datafield tag="040" ind1=" " ind2=" ">
    <subfield code="a">DLC</subfield>
    <subfield code="b">eng</subfield>
    <subfield code="e">rda</subfield>
    <subfield code="c">DLC</subfield>
  </datafield>
  <datafield tag="110" ind1="2" ind2=" ">
    <subfield code="a">Associazione historica lucense</subfield>
  </datafield>
  <datafield tag="368" ind1=" " ind2=" ">
    <subfield code="a">Associations, institutions, etc.</subfield>
    <subfield code="2">naf</subfield>
  </datafield>
  <datafield tag="370" ind1=" " ind2=" ">
    <subfield code="e">Lucca (Italy)</subfield>
    <subfield code="2">naf</subfield>
  </datafield>
  <datafield tag="371" ind1=" " ind2=" ">
    <subfield code="m">historicalucense@altervista.org</subfield>
    <subfield code="u">historicalucense.altervista.org</subfield>
    <subfield code="v">Una citta in difesa</subfield>
  </datafield>
  <datafield tag="670" ind1=" " ind2=" ">
    <subfield code="a">Una città in difesa, 2019:</subfield>
    <subfield code="b">title page (Associazaione Historica Lucense) title page verso (email: historicalucense@altervista.org; website: historicalucense.altervista.org)</subfield>
  </datafield>
</record>