
<record>
  <leader>00333nz  a2200133n  4500</leader>
  <controlfield tag="001">11257924</controlfield>
  <controlfield tag="003">DLC</controlfield>
  <controlfield tag="005">20200103124132.0</controlfield>
  <controlfield tag="008">200103n| azannaabn          |n aaa      </controlfield>
  <datafield tag="010" ind1=" " ind2=" ">
    <subfield code="a">n 2020250007</subfield>
  </datafield>
  <datafield tag="040" ind1=" " ind2=" ">
    <subfield code="a">DLC</subfield>
    <subfield code="b">eng</subfield>
    <subfield code="c">DLC</subfield>
    <subfield code="e">rda</subfield>
  </datafield>
  <datafield tag="100" ind1="1" ind2=" ">
    <subfield code="a">Malacarne, Altair</subfield>
  </datafield>
  <datafield tag="377" ind1=" " ind2=" ">
    <subfield code="a">por</subfield>
  </datafield>
  <datafield tag="670" ind1=" " ind2=" ">
    <subfield code="a">Vila Valério, 200-?:</subfield>
    <subfield code="b">title page (Altair Malacarne)</subfield>
  </datafield>
</record>