
<record>
  <leader>00549nz  a2200157n  4500</leader>
  <controlfield tag="001">11257925</controlfield>
  <controlfield tag="003">DLC</controlfield>
  <controlfield tag="005">20200103124144.0</controlfield>
  <controlfield tag="008">200103n| azannaabn          |a aaa      </controlfield>
  <datafield tag="010" ind1=" " ind2=" ">
    <subfield code="a">n 2020250008</subfield>
  </datafield>
  <datafield tag="040" ind1=" " ind2=" ">
    <subfield code="a">DLC</subfield>
    <subfield code="b">eng</subfield>
    <subfield code="c">DLC</subfield>
    <subfield code="e">rda</subfield>
  </datafield>
  <datafield tag="100" ind1="1" ind2=" ">
    <subfield code="a">Patrício, Danilo</subfield>
  </datafield>
  <datafield tag="377" ind1=" " ind2=" ">
    <subfield code="a">por</subfield>
  </datafield>
  <datafield tag="378" ind1=" " ind2=" ">
    <subfield code="q">Danilo Almeida</subfield>
  </datafield>
  <datafield tag="400" ind1="1" ind2=" ">
    <subfield code="a">Almeida Patrício, Danilo</subfield>
  </datafield>
  <datafield tag="670" ind1=" " ind2=" ">
    <subfield code="a">De Quixeramobim a Belo Monte, 2014:</subfield>
    <subfield code="b">title page (Danilo Patrício) back flap (Danilo Almeida Patrício, journalist, master degree, História, UFC; doctoral degree in course, História, UFMG)</subfield>
  </datafield>
</record>