
<record>
  <leader>00574nz  a2200181n  4500</leader>
  <controlfield tag="001">11257926</controlfield>
  <controlfield tag="003">DLC</controlfield>
  <controlfield tag="005">20200103124611.0</controlfield>
  <controlfield tag="008">200103n| azannaabn          |a aaa      </controlfield>
  <datafield tag="010" ind1=" " ind2=" ">
    <subfield code="a">n 2020250009</subfield>
  </datafield>
  <datafield tag="040" ind1=" " ind2=" ">
    <subfield code="a">DLC</subfield>
    <subfield code="b">eng</subfield>
    <subfield code="c">DLC</subfield>
    <subfield code="e">rda</subfield>
  </datafield>
  <datafield tag="100" ind1="1" ind2=" ">
    <subfield code="a">Costa, Osvaldo</subfield>
  </datafield>
  <datafield tag="374" ind1=" " ind2=" ">
    <subfield code="a">Psychoanalysts</subfield>
    <subfield code="2">lcsh</subfield>
  </datafield>
  <datafield tag="377" ind1=" " ind2=" ">
    <subfield code="a">por</subfield>
  </datafield>
  <datafield tag="378" ind1=" " ind2=" ">
    <subfield code="q">Osvaldo Costa Martins</subfield>
  </datafield>
  <datafield tag="400" ind1="1" ind2=" ">
    <subfield code="a">Martins, Osvaldo Costa</subfield>
  </datafield>
  <datafield tag="400" ind1="1" ind2=" ">
    <subfield code="a">Costa Martins, Osvaldo</subfield>
  </datafield>
  <datafield tag="670" ind1=" " ind2=" ">
    <subfield code="a">De Quixeramobim a Belo Monte, 2014:</subfield>
    <subfield code="b">title page (Osvaldo Costa) back flap (Osvaldo Costa Martins; Psychoanalyst; master degree, Psicologia, UFC)</subfield>
  </datafield>
</record>