
<record>
  <leader>00740cz  a2200157n  4500</leader>
  <controlfield tag="001">11257927</controlfield>
  <controlfield tag="003">DLC</controlfield>
  <controlfield tag="005">20200103124706.0</controlfield>
  <controlfield tag="008">200103n| azannaabn           n aaa      </controlfield>
  <datafield tag="010" ind1=" " ind2=" ">
    <subfield code="a">n 2020000304</subfield>
  </datafield>
  <datafield tag="040" ind1=" " ind2=" ">
    <subfield code="a">DLC</subfield>
    <subfield code="b">eng</subfield>
    <subfield code="e">rda</subfield>
    <subfield code="c">DLC</subfield>
  </datafield>
  <datafield tag="046" ind1=" " ind2=" ">
    <subfield code="f">1981</subfield>
    <subfield code="2">edtf</subfield>
  </datafield>
  <datafield tag="100" ind1="1" ind2=" ">
    <subfield code="a">Moore, Jared,</subfield>
    <subfield code="d">1981-</subfield>
  </datafield>
  <datafield tag="373" ind1=" " ind2=" ">
    <subfield code="a">Southern Baptist Convention</subfield>
    <subfield code="2">naf</subfield>
  </datafield>
  <datafield tag="670" ind1=" " ind2=" ">
    <subfield code="a">The pop culture parent, 2020:</subfield>
    <subfield code="b">ECIP title page (Jared Moore) contributor view (birth year: 1981)</subfield>
  </datafield>
  <datafield tag="670" ind1=" " ind2=" ">
    <subfield code="a">E. Stephen Burnett website, Jan. 3, 2020</subfield>
    <subfield code="b">(Jared Moore serves in pastoral ministry. He has a PhD in systematic theology from Southern Baptist Theological Seminary and cohosts The Pop Culture Coram Deo Podcast. Jared also served as second vice president of the Southern Baptist Convention)</subfield>
  </datafield>
</record>