
<record>
  <leader>00541nz  a2200145n  4500</leader>
  <controlfield tag="001">11257928</controlfield>
  <controlfield tag="003">DLC</controlfield>
  <controlfield tag="005">20200103124831.0</controlfield>
  <controlfield tag="008">200103n| azannaabn          |n ana      </controlfield>
  <datafield tag="010" ind1=" " ind2=" ">
    <subfield code="a">n 2020000305</subfield>
  </datafield>
  <datafield tag="040" ind1=" " ind2=" ">
    <subfield code="a">DLC</subfield>
    <subfield code="b">eng</subfield>
    <subfield code="e">rda</subfield>
    <subfield code="c">DLC</subfield>
  </datafield>
  <datafield tag="110" ind1="2" ind2=" ">
    <subfield code="a">Faster Gun (Musical group)</subfield>
  </datafield>
  <datafield tag="368" ind1=" " ind2=" ">
    <subfield code="a">Musical groups</subfield>
    <subfield code="2">lcsh</subfield>
  </datafield>
  <datafield tag="372" ind1=" " ind2=" ">
    <subfield code="a">Country music</subfield>
    <subfield code="2">lcsh</subfield>
  </datafield>
  <datafield tag="670" ind1=" " ind2=" ">
    <subfield code="a">Wanted!, 1998:</subfield>
    <subfield code="b">container (Faster Gun) insert (Mitch Lee, guitars, synth guitar, vocals ; Robert Hill, drums, percussion, vocals ; Gary Harris, bass, guitars, vocals ; Dan the Man, keyboards, vocals)</subfield>
  </datafield>
</record>