
<record>
  <leader>00592nz  a2200145n  4500</leader>
  <controlfield tag="001">11257929</controlfield>
  <controlfield tag="003">DLC</controlfield>
  <controlfield tag="005">20200103124916.0</controlfield>
  <controlfield tag="008">200103n| azannaabn          |n aaa      </controlfield>
  <datafield tag="010" ind1=" " ind2=" ">
    <subfield code="a">n 2020000303</subfield>
  </datafield>
  <datafield tag="040" ind1=" " ind2=" ">
    <subfield code="a">DLC</subfield>
    <subfield code="b">eng</subfield>
    <subfield code="e">rda</subfield>
    <subfield code="c">DLC</subfield>
  </datafield>
  <datafield tag="046" ind1=" " ind2=" ">
    <subfield code="f">1983</subfield>
    <subfield code="2">edtf</subfield>
  </datafield>
  <datafield tag="100" ind1="1" ind2=" ">
    <subfield code="a">Burnett, E. Stephen,</subfield>
    <subfield code="d">1983-</subfield>
  </datafield>
  <datafield tag="670" ind1=" " ind2=" ">
    <subfield code="a">The pop culture parent, 2020:</subfield>
    <subfield code="b">ECIP title page (E. Stephen Burnett) contributor view (birth year: 1983)</subfield>
  </datafield>
  <datafield tag="670" ind1=" " ind2=" ">
    <subfield code="a">E. Stephen Burnett website, Jan. 3, 2020</subfield>
    <subfield code="b">(E. Stephen Burnett explores biblical truth and fantastic stories as publisher of Lorehaven Magazine and writer at Speculative Faith)</subfield>
  </datafield>
</record>