
<record>
  <leader>01156nz  a2200217n  4500</leader>
  <controlfield tag="001">11257931</controlfield>
  <controlfield tag="003">DLC</controlfield>
  <controlfield tag="005">20200103130113.0</controlfield>
  <controlfield tag="008">200103n| azannaabn          |a aaa      </controlfield>
  <datafield tag="010" ind1=" " ind2=" ">
    <subfield code="a">n 2020000309</subfield>
  </datafield>
  <datafield tag="040" ind1=" " ind2=" ">
    <subfield code="a">DLC</subfield>
    <subfield code="b">eng</subfield>
    <subfield code="e">rda</subfield>
    <subfield code="c">DLC</subfield>
  </datafield>
  <datafield tag="100" ind1="1" ind2=" ">
    <subfield code="a">Márquez Ibarra, Lorena</subfield>
  </datafield>
  <datafield tag="370" ind1=" " ind2=" ">
    <subfield code="c">Mexico</subfield>
    <subfield code="2">naf</subfield>
  </datafield>
  <datafield tag="371" ind1=" " ind2=" ">
    <subfield code="m">lorena.marquez@itson.edu.mx</subfield>
  </datafield>
  <datafield tag="372" ind1=" " ind2=" ">
    <subfield code="a">Education</subfield>
    <subfield code="2">lcsh</subfield>
  </datafield>
  <datafield tag="373" ind1=" " ind2=" ">
    <subfield code="a">Instituto Tecnológico de Sonora</subfield>
    <subfield code="a">Universidad Iberoamericana Puebla</subfield>
    <subfield code="2">naf</subfield>
  </datafield>
  <datafield tag="374" ind1=" " ind2=" ">
    <subfield code="a">Educators</subfield>
    <subfield code="2">lcsh</subfield>
  </datafield>
  <datafield tag="377" ind1=" " ind2=" ">
    <subfield code="a">spa</subfield>
  </datafield>
  <datafield tag="400" ind1="1" ind2=" ">
    <subfield code="a">Ibarra, Lorena Márquez</subfield>
  </datafield>
  <datafield tag="400" ind1="1" ind2=" ">
    <subfield code="a">Márquez, L.</subfield>
    <subfield code="q">(Lorena Márquez Ibarra)</subfield>
  </datafield>
  <datafield tag="670" ind1=" " ind2=" ">
    <subfield code="a">Procesos de formación y uso de tecnología en educación, diciembre 2018:</subfield>
    <subfield code="b">t.p. (Lorena Márquez Ibarra) p. 35, etc. (bib. ref.: Márquez, L.; prof.-researcher, Depto. de Educación, Inst. Tecnológico de Sonora; licentiate in psychology and master&apos;s in education from ITSON; doctorate in education from Univ. Iberoamericana, Puebla, Mexico; her lines of research and academic production range over social participation in education, evaluation of teaching competencies and teacher training; electronic mail: lorena.marquez@itson.edu.mx)</subfield>
  </datafield>
</record>