
<record>
  <leader>02081nz  a2200169n  4500</leader>
  <controlfield tag="001">11257932</controlfield>
  <controlfield tag="003">DLC</controlfield>
  <controlfield tag="005">20200103130356.0</controlfield>
  <controlfield tag="008">200103n| azannaabn          |b ana      </controlfield>
  <datafield tag="010" ind1=" " ind2=" ">
    <subfield code="a">n 2020000306</subfield>
  </datafield>
  <datafield tag="040" ind1=" " ind2=" ">
    <subfield code="a">DLC</subfield>
    <subfield code="b">eng</subfield>
    <subfield code="e">rda</subfield>
    <subfield code="c">DLC</subfield>
  </datafield>
  <datafield tag="111" ind1="2" ind2=" ">
    <subfield code="a">Mezhdunarodnai︠a︡ nauchno-prakticheskai︠a︡ konferent︠s︡ii︠a︡ &quot;Reforma suda prisi︠a︡zhnykh v Rossiĭskoĭ Federat︠s︡ii na sovremennom ėtape--problemy i perspektivy realizat︠s︡ii&quot;</subfield>
    <subfield code="d">(2017 :</subfield>
    <subfield code="c">Kazanʹ, Russia)</subfield>
  </datafield>
  <datafield tag="411" ind1="2" ind2=" ">
    <subfield code="a">Konferent︠s︡ii︠a︡ &quot;Reforma suda prisi︠a︡zhnykh v Rossiĭskoĭ Federat︠s︡ii na sovremennom ėtape--problemy i perspektivy realizat︠s︡ii&quot;, Mezhdunarodnai︠a︡ nauchno-prakticheskai︠a︡</subfield>
    <subfield code="d">(2017 :</subfield>
    <subfield code="c">Kazanʹ, Russia)</subfield>
  </datafield>
  <datafield tag="411" ind1="2" ind2=" ">
    <subfield code="a">Международная научно-практическая конференция &quot;Реформа суда присяжных в Российской Федерации на современном этапе--проблемы и перспективы реализации&quot;</subfield>
    <subfield code="d">(2017 :</subfield>
    <subfield code="c">Kazanʹ, Russia)</subfield>
  </datafield>
  <datafield tag="411" ind1="2" ind2=" ">
    <subfield code="a">Конференция &quot;Реформа суда присяжных в Российской Федерации на современном этапе--проблемы и перспективы реализации&quot;, Международная научно-практическая</subfield>
    <subfield code="d">(2017 :</subfield>
    <subfield code="c">Kazanʹ, Russia)</subfield>
  </datafield>
  <datafield tag="667" ind1=" " ind2=" ">
    <subfield code="a">Non-Latin script reference not evaluated</subfield>
  </datafield>
  <datafield tag="670" ind1=" " ind2=" ">
    <subfield code="a">Reforma suda prisi︠a︡zhnykh v Rossiĭskoĭ Federat︠s︡ii na sovremennom ėtape, 2017:</subfield>
    <subfield code="b">title page verso (Международной научно-практической конференции &quot;Реформа суда присяжных в Российской Федерации на современном этапе--проблемы и перспективы реализации&quot; = Mezhdunarodnoĭ nauchno-prakticheskoĭ konferent︠s︡ii &quot;Reforma suda prisi︠a︡zhnykh v Rossiĭskoĭ Federat︠s︡ii na sovremennom ėtape--problemy i perspektivy realizat︠s︡ii&quot;; held Apr. 4, 2017 in Kazanʹ, Russia)</subfield>
  </datafield>
</record>