
<record>
  <leader>00365cz  a2200133n  4500</leader>
  <controlfield tag="001">11257933</controlfield>
  <controlfield tag="003">DLC</controlfield>
  <controlfield tag="005">20200103130648.0</controlfield>
  <controlfield tag="008">200103n| azannaabn          |a aaa      </controlfield>
  <datafield tag="010" ind1=" " ind2=" ">
    <subfield code="a">n 2020250010</subfield>
  </datafield>
  <datafield tag="040" ind1=" " ind2=" ">
    <subfield code="a">DLC</subfield>
    <subfield code="b">eng</subfield>
    <subfield code="c">DLC</subfield>
    <subfield code="e">rda</subfield>
  </datafield>
  <datafield tag="100" ind1="1" ind2=" ">
    <subfield code="a">Becker, Isabel,</subfield>
    <subfield code="d">1964-</subfield>
    <subfield code="t">Photographs.</subfield>
    <subfield code="k">Selections</subfield>
  </datafield>
  <datafield tag="400" ind1="1" ind2=" ">
    <subfield code="a">Becker, Isabel,</subfield>
    <subfield code="d">1964-</subfield>
    <subfield code="t">Isabel Becker</subfield>
  </datafield>
  <datafield tag="670" ind1=" " ind2=" ">
    <subfield code="a">Isabel Becker, 2014.</subfield>
  </datafield>
</record>