
<record>
  <leader>00557cz  a2200145n  4500</leader>
  <controlfield tag="001">11257934</controlfield>
  <controlfield tag="003">DLC</controlfield>
  <controlfield tag="005">20200103130959.0</controlfield>
  <controlfield tag="008">200103n| azannaabn          |a aaa      </controlfield>
  <datafield tag="010" ind1=" " ind2=" ">
    <subfield code="a">n 2020000310</subfield>
  </datafield>
  <datafield tag="040" ind1=" " ind2=" ">
    <subfield code="a">DLC</subfield>
    <subfield code="b">eng</subfield>
    <subfield code="e">rda</subfield>
    <subfield code="c">DLC</subfield>
  </datafield>
  <datafield tag="100" ind1="1" ind2=" ">
    <subfield code="a">Konda, Vangjel Nisi</subfield>
  </datafield>
  <datafield tag="400" ind1="1" ind2=" ">
    <subfield code="a">Konda-o, Vangjel Nisi</subfield>
  </datafield>
  <datafield tag="400" ind1="1" ind2=" ">
    <subfield code="a">Kondo, Vangjel</subfield>
  </datafield>
  <datafield tag="670" ind1=" " ind2=" ">
    <subfield code="a">Diktatura kuçedër që vriste dhe dënonte njerëz të pafajshëm, 2017:</subfield>
    <subfield code="b">page facing title page, title page verso (Vangjel Nisi Konda, Vangjel Konda); cover, title page (Vangjel Nisi Konda-o); colophon (Vangjel Kondo)</subfield>
  </datafield>
</record>