
<record>
  <leader>00725nz  a2200157n  4500</leader>
  <controlfield tag="001">11257935</controlfield>
  <controlfield tag="003">DLC</controlfield>
  <controlfield tag="005">20200103130931.0</controlfield>
  <controlfield tag="008">200103n| azannaabn          |a aaa      </controlfield>
  <datafield tag="010" ind1=" " ind2=" ">
    <subfield code="a">n 2020250012</subfield>
  </datafield>
  <datafield tag="040" ind1=" " ind2=" ">
    <subfield code="a">DLC</subfield>
    <subfield code="b">eng</subfield>
    <subfield code="c">DLC</subfield>
    <subfield code="e">rda</subfield>
  </datafield>
  <datafield tag="100" ind1="1" ind2=" ">
    <subfield code="a">Flores Filho, José Honório das,</subfield>
    <subfield code="d">1999-</subfield>
  </datafield>
  <datafield tag="377" ind1=" " ind2=" ">
    <subfield code="a">por</subfield>
  </datafield>
  <datafield tag="400" ind1="1" ind2=" ">
    <subfield code="a">Das Flores Filho, José Honório,</subfield>
    <subfield code="d">1999-</subfield>
  </datafield>
  <datafield tag="400" ind1="1" ind2=" ">
    <subfield code="a">Filho, José Honório das Flores,</subfield>
    <subfield code="d">1999-</subfield>
  </datafield>
  <datafield tag="670" ind1=" " ind2=" ">
    <subfield code="a">Memórias de Suez, 2013:</subfield>
    <subfield code="b">title page (José Honório das Flores Filho) t.p. verso (Braz. CIP hdg: Filho, José Honório das Flores, 1999- ) front flap (degree, Comunicação social, UFPB; master degree, Ciência das religiões, UFPB; doctoral degree in course, Ciências da religião, UMESP)</subfield>
  </datafield>
</record>