
<record>
  <leader>00944cz  a2200217n  4500</leader>
  <controlfield tag="001">11257937</controlfield>
  <controlfield tag="003">DLC</controlfield>
  <controlfield tag="005">20200103131620.0</controlfield>
  <controlfield tag="008">200103n| azannaabn          |b aaa      </controlfield>
  <datafield tag="010" ind1=" " ind2=" ">
    <subfield code="a">n 2020000308</subfield>
  </datafield>
  <datafield tag="040" ind1=" " ind2=" ">
    <subfield code="a">DLC</subfield>
    <subfield code="b">eng</subfield>
    <subfield code="e">rda</subfield>
    <subfield code="c">DLC</subfield>
  </datafield>
  <datafield tag="046" ind1=" " ind2=" ">
    <subfield code="f">1963-01-01</subfield>
    <subfield code="2">edtf</subfield>
  </datafield>
  <datafield tag="100" ind1="1" ind2=" ">
    <subfield code="a">Sawāʻidah, Muḥammad Maḥmūd Fallāḥ</subfield>
    <subfield code="d">1963-</subfield>
  </datafield>
  <datafield tag="370" ind1=" " ind2=" ">
    <subfield code="a">Jordan</subfield>
    <subfield code="2">naf</subfield>
  </datafield>
  <datafield tag="373" ind1=" " ind2=" ">
    <subfield code="a">University of Jordan</subfield>
    <subfield code="2">naf</subfield>
  </datafield>
  <datafield tag="375" ind1=" " ind2=" ">
    <subfield code="a">male</subfield>
  </datafield>
  <datafield tag="377" ind1=" " ind2=" ">
    <subfield code="a">ara</subfield>
  </datafield>
  <datafield tag="400" ind1="1" ind2=" ">
    <subfield code="a">‏سواعدة، محمد محمود فلاح,</subfield>
    <subfield code="d">1963-</subfield>
  </datafield>
  <datafield tag="667" ind1=" " ind2=" ">
    <subfield code="a">Non-Latin script reference not evaluated.</subfield>
  </datafield>
  <datafield tag="670" ind1=" " ind2=" ">
    <subfield code="a">Jamʻ al-Qurʼān fī kitāb tārīkh al-Qurʼān lil-mustashraq al-Almānī (Nūldakah), 2018:</subfield>
    <subfield code="b">title page ( محمد محمود فلاح السواعدة = Muḥammad Maḥmūd Fallāḥ al-Sawāʻidah)</subfield>
  </datafield>
  <datafield tag="670" ind1=" " ind2=" ">
    <subfield code="a">tafsir.net , viewed Jan. 3rd , 2020 :</subfield>
    <subfield code="b">(Muḥammad Maḥmūd Fallāḥ al-Sawāʻidah ; 1963-01-01 ; Jordanian ; MA,  University of Jordan)</subfield>
  </datafield>
</record>