
<record>
  <leader>01096nz  a2200217n  4500</leader>
  <controlfield tag="001">11257939</controlfield>
  <controlfield tag="003">DLC</controlfield>
  <controlfield tag="005">20200103131913.0</controlfield>
  <controlfield tag="008">200103n| azannaabn          |a aaa      </controlfield>
  <datafield tag="010" ind1=" " ind2=" ">
    <subfield code="a">n 2020000314</subfield>
  </datafield>
  <datafield tag="040" ind1=" " ind2=" ">
    <subfield code="a">DLC</subfield>
    <subfield code="b">eng</subfield>
    <subfield code="e">rda</subfield>
    <subfield code="c">DLC</subfield>
  </datafield>
  <datafield tag="100" ind1="1" ind2=" ">
    <subfield code="a">Angulo Armenta, Joel</subfield>
  </datafield>
  <datafield tag="370" ind1=" " ind2=" ">
    <subfield code="c">Mexico</subfield>
    <subfield code="c">United States</subfield>
    <subfield code="2">naf</subfield>
  </datafield>
  <datafield tag="371" ind1=" " ind2=" ">
    <subfield code="m">joel.angulo@itson.edu.mx</subfield>
  </datafield>
  <datafield tag="372" ind1=" " ind2=" ">
    <subfield code="a">Education</subfield>
    <subfield code="2">lcsh</subfield>
  </datafield>
  <datafield tag="373" ind1=" " ind2=" ">
    <subfield code="a">Instituto Tecnológico de Sonora</subfield>
    <subfield code="a">Nova Southeastern University</subfield>
    <subfield code="2">naf</subfield>
  </datafield>
  <datafield tag="373" ind1=" " ind2=" ">
    <subfield code="a">Instituto Tecnológico Agropecuario No. 21</subfield>
  </datafield>
  <datafield tag="374" ind1=" " ind2=" ">
    <subfield code="a">Educators</subfield>
    <subfield code="2">lcsh</subfield>
  </datafield>
  <datafield tag="377" ind1=" " ind2=" ">
    <subfield code="a">spa</subfield>
  </datafield>
  <datafield tag="400" ind1="1" ind2=" ">
    <subfield code="a">Armenta, Joel Angulo</subfield>
  </datafield>
  <datafield tag="670" ind1=" " ind2=" ">
    <subfield code="a">Procesos de formación y uso de tecnología en educación, diciembre 2018:</subfield>
    <subfield code="b">t.p. (Joel Angulo Armenta) back flap (prof.-researcher, Depto. de Educación, Inst. Tecnológico de Sonora; engineer-administrator degree from Inst. Tecnológico Agropecuario No. 21; master&apos;s in administration from Inst. Tecnológico de Sonora; doctorate in education from NOVA Southeastern Univ.; his research area centers on technology-mediated education; electronic mail: joel.angulo@itson.edu.mx)</subfield>
  </datafield>
</record>