
<record>
  <leader>00494nz  a2200133n  4500</leader>
  <controlfield tag="001">11257940</controlfield>
  <controlfield tag="003">DLC</controlfield>
  <controlfield tag="005">20200103132317.0</controlfield>
  <controlfield tag="008">200103n| azannaabn          |n aaa      </controlfield>
  <datafield tag="010" ind1=" " ind2=" ">
    <subfield code="a">n 2020000315</subfield>
  </datafield>
  <datafield tag="040" ind1=" " ind2=" ">
    <subfield code="a">DLC</subfield>
    <subfield code="b">eng</subfield>
    <subfield code="e">rda</subfield>
    <subfield code="c">DLC</subfield>
  </datafield>
  <datafield tag="100" ind1="1" ind2=" ">
    <subfield code="a">Vaillancourt, Marguerite,</subfield>
    <subfield code="d">1924-</subfield>
  </datafield>
  <datafield tag="370" ind1=" " ind2=" ">
    <subfield code="a">France</subfield>
    <subfield code="e">Portsmouth (R.I.)</subfield>
    <subfield code="f">Morocco</subfield>
    <subfield code="2">naf</subfield>
  </datafield>
  <datafield tag="670" ind1=" " ind2=" ">
    <subfield code="a">Chased from Eden, 2014:</subfield>
    <subfield code="b">title page (Marguerite Vaillancourt) back cover (born 1924 in France, lived in Morocco during World War II, and lives in Portsmouth, R.I.)</subfield>
  </datafield>
</record>