
<record>
  <leader>00386nz  a2200133n  4500</leader>
  <controlfield tag="001">11257943</controlfield>
  <controlfield tag="003">DLC</controlfield>
  <controlfield tag="005">20200103132749.0</controlfield>
  <controlfield tag="008">200103n| azannaabn          |n aaa      </controlfield>
  <datafield tag="010" ind1=" " ind2=" ">
    <subfield code="a">n 2020000319</subfield>
  </datafield>
  <datafield tag="040" ind1=" " ind2=" ">
    <subfield code="a">DLC</subfield>
    <subfield code="b">eng</subfield>
    <subfield code="c">DLC</subfield>
    <subfield code="e">rda</subfield>
  </datafield>
  <datafield tag="100" ind1="1" ind2=" ">
    <subfield code="a">Marcsák, Gergely,</subfield>
    <subfield code="d">1990-</subfield>
  </datafield>
  <datafield tag="670" ind1=" " ind2=" ">
    <subfield code="a">Fekete-Tisza, 2019:</subfield>
    <subfield code="b">title page (Marcsák Gergely) jkt. (b. 1990, Kincseshomok [Ukraine]; poet)</subfield>
  </datafield>
  <datafield tag="953" ind1=" " ind2=" ">
    <subfield code="a">fc15</subfield>
  </datafield>
</record>