
<record>
  <leader>01038cz  a2200205n  4500</leader>
  <controlfield tag="001">11257944</controlfield>
  <controlfield tag="003">DLC</controlfield>
  <controlfield tag="005">20200103132948.0</controlfield>
  <controlfield tag="008">200103n| azannaabn          |a aaa      </controlfield>
  <datafield tag="010" ind1=" " ind2=" ">
    <subfield code="a">n 2020000321</subfield>
  </datafield>
  <datafield tag="040" ind1=" " ind2=" ">
    <subfield code="a">DLC</subfield>
    <subfield code="b">eng</subfield>
    <subfield code="e">rda</subfield>
    <subfield code="c">DLC</subfield>
  </datafield>
  <datafield tag="100" ind1="1" ind2=" ">
    <subfield code="a">Manig Valenzuela, Agustín</subfield>
  </datafield>
  <datafield tag="370" ind1=" " ind2=" ">
    <subfield code="c">Mexico</subfield>
    <subfield code="2">naf</subfield>
  </datafield>
  <datafield tag="371" ind1=" " ind2=" ">
    <subfield code="m">amanig@itson.edu.mx</subfield>
  </datafield>
  <datafield tag="372" ind1=" " ind2=" ">
    <subfield code="a">Education</subfield>
    <subfield code="a">Social sciences</subfield>
    <subfield code="2">lcsh</subfield>
  </datafield>
  <datafield tag="373" ind1=" " ind2=" ">
    <subfield code="a">Universidad Iberoamericana (Mexico City, Mexico)</subfield>
    <subfield code="a">Instituto Tecnológico de Sonora</subfield>
    <subfield code="2">naf</subfield>
  </datafield>
  <datafield tag="374" ind1=" " ind2=" ">
    <subfield code="a">Educators</subfield>
    <subfield code="2">lcsh</subfield>
  </datafield>
  <datafield tag="377" ind1=" " ind2=" ">
    <subfield code="a">spa</subfield>
  </datafield>
  <datafield tag="400" ind1="1" ind2=" ">
    <subfield code="a">Valenzuela, Agustín Manig</subfield>
  </datafield>
  <datafield tag="670" ind1=" " ind2=" ">
    <subfield code="a">Procesos de formación y uso de tecnología en educación, diciembre 2018:</subfield>
    <subfield code="b">t.p. (Agustín Manig Valenzuela) back flap (interinstitutional doctorate in education from Univ. Iberoamericana; master&apos;s in education and engineer-biotechnologist degree from Inst. Tecnológico de Sonora; prof.-researcher, Depto. de Educación, ITSON; author of journal articles on school violence, social welfare and social service; electronic mail: amanig@itson.edu.mx)</subfield>
  </datafield>
</record>