
<record>
  <leader>00364nz  a2200133n  4500</leader>
  <controlfield tag="001">11257945</controlfield>
  <controlfield tag="003">DLC</controlfield>
  <controlfield tag="005">20200103133327.0</controlfield>
  <controlfield tag="008">200103n| azannaabn          |a aaa      </controlfield>
  <datafield tag="010" ind1=" " ind2=" ">
    <subfield code="a">n 2020000322</subfield>
  </datafield>
  <datafield tag="040" ind1=" " ind2=" ">
    <subfield code="a">DLC</subfield>
    <subfield code="b">eng</subfield>
    <subfield code="c">DLC</subfield>
    <subfield code="e">rda</subfield>
  </datafield>
  <datafield tag="100" ind1="1" ind2=" ">
    <subfield code="a">Marcsák, Gergely,</subfield>
    <subfield code="d">1990-</subfield>
    <subfield code="t">Poems.</subfield>
    <subfield code="k">Selections</subfield>
  </datafield>
  <datafield tag="400" ind1="1" ind2=" ">
    <subfield code="a">Marcsák, Gergely,</subfield>
    <subfield code="d">1990-</subfield>
    <subfield code="t">Fekete-Tisza</subfield>
  </datafield>
  <datafield tag="670" ind1=" " ind2=" ">
    <subfield code="a">Fekete-Tisza, 2019</subfield>
  </datafield>
</record>