
<record>
  <leader>00347cz  a2200133n  4500</leader>
  <controlfield tag="001">11257946</controlfield>
  <controlfield tag="003">DLC</controlfield>
  <controlfield tag="005">20200103133425.0</controlfield>
  <controlfield tag="008">200103n| azannaabn          |n aaa      </controlfield>
  <datafield tag="010" ind1=" " ind2=" ">
    <subfield code="a">n 2020000323</subfield>
  </datafield>
  <datafield tag="040" ind1=" " ind2=" ">
    <subfield code="a">DLC</subfield>
    <subfield code="b">eng</subfield>
    <subfield code="e">rda</subfield>
    <subfield code="c">DLC</subfield>
  </datafield>
  <datafield tag="100" ind1="1" ind2=" ">
    <subfield code="a">Lee, Paul R.,</subfield>
    <subfield code="c">II</subfield>
  </datafield>
  <datafield tag="377" ind1=" " ind2=" ">
    <subfield code="a">eng</subfield>
  </datafield>
  <datafield tag="670" ind1=" " ind2=" ">
    <subfield code="a">Parks, postmarks, &amp; postmasters, 2014:</subfield>
    <subfield code="b">title page (Paul R. Lee II)</subfield>
  </datafield>
</record>