
<record>
  <leader>00682nz  a2200145n  4500</leader>
  <controlfield tag="001">11257947</controlfield>
  <controlfield tag="003">DLC</controlfield>
  <controlfield tag="005">20200103133729.0</controlfield>
  <controlfield tag="008">200103n| azannaabn           a aaa      </controlfield>
  <datafield tag="010" ind1=" " ind2=" ">
    <subfield code="a">n 2020000316</subfield>
  </datafield>
  <datafield tag="040" ind1=" " ind2=" ">
    <subfield code="a">DLC</subfield>
    <subfield code="b">eng</subfield>
    <subfield code="e">rda</subfield>
    <subfield code="c">DLC</subfield>
  </datafield>
  <datafield tag="100" ind1="1" ind2=" ">
    <subfield code="a">Jamir, Chongpongmeren</subfield>
  </datafield>
  <datafield tag="400" ind1="1" ind2=" ">
    <subfield code="a">Jamir, Meren</subfield>
  </datafield>
  <datafield tag="670" ind1=" " ind2=" ">
    <subfield code="a">Christianity in Northeast India, 2020:</subfield>
    <subfield code="b">ECIP title page (Chongpongmeren Jamir) contributor view (first name: Chongpongmeren; last name: Jamir)</subfield>
  </datafield>
  <datafield tag="670" ind1=" " ind2=" ">
    <subfield code="a">South Asia Institute of Advanced Christian Studies website, Jan. 3, 2020</subfield>
    <subfield code="b">(Dr Chongpongmeren (Meren Jamir) has been teaching at SAIACS since 2013; MDiv, Discipleship Bible College; MTh, SAIACS; PhD, Middlesex University, UK, 2019)</subfield>
  </datafield>
</record>