
<record>
  <leader>00417nz  a2200133n  4500</leader>
  <controlfield tag="001">11257948</controlfield>
  <controlfield tag="003">DLC</controlfield>
  <controlfield tag="005">20200103133803.0</controlfield>
  <controlfield tag="008">200103n| azannaabn           a aaa      </controlfield>
  <datafield tag="010" ind1=" " ind2=" ">
    <subfield code="a">n 2020000317</subfield>
  </datafield>
  <datafield tag="040" ind1=" " ind2=" ">
    <subfield code="a">DLC</subfield>
    <subfield code="b">eng</subfield>
    <subfield code="e">rda</subfield>
    <subfield code="c">DLC</subfield>
  </datafield>
  <datafield tag="100" ind1="1" ind2=" ">
    <subfield code="a">Jamir, Chongpongmeren.</subfield>
    <subfield code="t">Segmentation, unity, and a church divided</subfield>
  </datafield>
  <datafield tag="400" ind1="1" ind2=" ">
    <subfield code="a">Jamir, Chongpongmeren.</subfield>
    <subfield code="t">Christianity in Northeast India</subfield>
  </datafield>
  <datafield tag="670" ind1=" " ind2=" ">
    <subfield code="a">Christianity in Northeast India, 2020</subfield>
  </datafield>
</record>