
<record>
  <leader>00739nz  a2200181n  4500</leader>
  <controlfield tag="001">11257949</controlfield>
  <controlfield tag="003">DLC</controlfield>
  <controlfield tag="005">20200103133830.0</controlfield>
  <controlfield tag="008">200103n| azannaabn          |a aaa      </controlfield>
  <datafield tag="010" ind1=" " ind2=" ">
    <subfield code="a">n 2020250013</subfield>
  </datafield>
  <datafield tag="040" ind1=" " ind2=" ">
    <subfield code="a">DLC</subfield>
    <subfield code="b">eng</subfield>
    <subfield code="c">DLC</subfield>
    <subfield code="e">rda</subfield>
  </datafield>
  <datafield tag="046" ind1=" " ind2=" ">
    <subfield code="f">1942-06-05</subfield>
    <subfield code="2">edft</subfield>
  </datafield>
  <datafield tag="100" ind1="1" ind2=" ">
    <subfield code="a">Silva, Antonio Serafim da,</subfield>
    <subfield code="d">1942-</subfield>
  </datafield>
  <datafield tag="373" ind1=" " ind2=" ">
    <subfield code="a">Fundação Nacional de Saúde (Brazil)</subfield>
    <subfield code="2">naf</subfield>
  </datafield>
  <datafield tag="377" ind1=" " ind2=" ">
    <subfield code="a">por</subfield>
  </datafield>
  <datafield tag="400" ind1="1" ind2=" ">
    <subfield code="a">Da Silva, Antonio Serafim,</subfield>
    <subfield code="d">1942-</subfield>
  </datafield>
  <datafield tag="400" ind1="1" ind2=" ">
    <subfield code="a">Serafim da Silva, Antonio,</subfield>
    <subfield code="d">1942-</subfield>
  </datafield>
  <datafield tag="670" ind1=" " ind2=" ">
    <subfield code="a">Rondônia, a malária e o malaeiro, 1997:</subfield>
    <subfield code="b">title page (Antonio Serafim da Silva) t.p. verso (Braz. CIP hdg.: Silva, Antonio Serafim da, 05/06/1942) p. 11 (b. in Rondônia) p. 12 (servidor da Fundação Nacional de Saúde, in Ji-Paraná, RO)</subfield>
  </datafield>
</record>