
<record>
  <leader>00600nz  a2200133n  4500</leader>
  <controlfield tag="001">11257951</controlfield>
  <controlfield tag="003">DLC</controlfield>
  <controlfield tag="005">20200103133921.0</controlfield>
  <controlfield tag="008">200103n| azannaabn          |n ana      </controlfield>
  <datafield tag="010" ind1=" " ind2=" ">
    <subfield code="a">n 2020000327</subfield>
  </datafield>
  <datafield tag="040" ind1=" " ind2=" ">
    <subfield code="a">DLC</subfield>
    <subfield code="b">eng</subfield>
    <subfield code="e">rda</subfield>
    <subfield code="c">DLC</subfield>
  </datafield>
  <datafield tag="110" ind1="2" ind2=" ">
    <subfield code="a">Instituto Tecnológico de Sonora.</subfield>
    <subfield code="b">Dirección de Ciencias Sociales y Humanidades</subfield>
  </datafield>
  <datafield tag="372" ind1=" " ind2=" ">
    <subfield code="a">Social sciences--Study and teaching (Higher)</subfield>
    <subfield code="a">Humanities--Study and teaching (Higher)</subfield>
    <subfield code="2">lcsh</subfield>
  </datafield>
  <datafield tag="670" ind1=" " ind2=" ">
    <subfield code="a">Procesos de formación y uso de tecnología en educación, diciembre 2018:</subfield>
    <subfield code="b">p. 8 (Instituto Tecnológico de Sonora, Dirección de Ciencias Sociales y Humanidades)</subfield>
  </datafield>
</record>