
<record>
  <leader>00566nz  a2200145n  4500</leader>
  <controlfield tag="001">11257952</controlfield>
  <controlfield tag="003">DLC</controlfield>
  <controlfield tag="005">20200103133923.0</controlfield>
  <controlfield tag="008">200103n| azannaabn          |n aaa      </controlfield>
  <datafield tag="010" ind1=" " ind2=" ">
    <subfield code="a">n 2020000324</subfield>
  </datafield>
  <datafield tag="040" ind1=" " ind2=" ">
    <subfield code="a">DLC</subfield>
    <subfield code="b">eng</subfield>
    <subfield code="e">rda</subfield>
    <subfield code="c">DLC</subfield>
  </datafield>
  <datafield tag="046" ind1=" " ind2=" ">
    <subfield code="f">1983</subfield>
    <subfield code="2">edtf</subfield>
  </datafield>
  <datafield tag="100" ind1="1" ind2=" ">
    <subfield code="a">Taylor, Beth</subfield>
    <subfield code="d">1983-</subfield>
  </datafield>
  <datafield tag="670" ind1=" " ind2=" ">
    <subfield code="a">Great speeches that changed the world, 2019:</subfield>
    <subfield code="b">t.p. verso (contributing writers: Beth Taylor)</subfield>
  </datafield>
  <datafield tag="670" ind1=" " ind2=" ">
    <subfield code="a">Email from author, January 3, 2020</subfield>
    <subfield code="b">(You can use my middle name or initial (Susanne or S.) to distinguish my name. You can also use my year of birth, 1983. Beth Taylor)</subfield>
  </datafield>
</record>