
<record>
  <leader>00506nz  a2200145n  4500</leader>
  <controlfield tag="001">11257955</controlfield>
  <controlfield tag="003">DLC</controlfield>
  <controlfield tag="005">20200103134536.0</controlfield>
  <controlfield tag="008">200103n| azannaabn          |n aaa      </controlfield>
  <datafield tag="010" ind1=" " ind2=" ">
    <subfield code="a">n 2020000329</subfield>
  </datafield>
  <datafield tag="040" ind1=" " ind2=" ">
    <subfield code="a">DLC</subfield>
    <subfield code="b">eng</subfield>
    <subfield code="e">rda</subfield>
    <subfield code="c">DLC</subfield>
  </datafield>
  <datafield tag="046" ind1=" " ind2=" ">
    <subfield code="f">1975-09-28</subfield>
    <subfield code="2">edtf</subfield>
  </datafield>
  <datafield tag="100" ind1="1" ind2=" ">
    <subfield code="a">Phillips, Jenny,</subfield>
    <subfield code="d">1975-</subfield>
  </datafield>
  <datafield tag="670" ind1=" " ind2=" ">
    <subfield code="a">Level K reader, 2017:</subfield>
    <subfield code="b">title page (Jenny Phillips)</subfield>
  </datafield>
  <datafield tag="670" ind1=" " ind2=" ">
    <subfield code="a">Email from publisher, Good and Beautiful, December 31, 2019</subfield>
    <subfield code="b">(Jenny&apos;s full name is Jennifer Ann Phillips and her date of birth is 9/28/1975)</subfield>
  </datafield>
</record>