
<record>
  <leader>01266nz  a2200205o  4500</leader>
  <controlfield tag="001">11257956</controlfield>
  <controlfield tag="003">DLC</controlfield>
  <controlfield tag="005">20200103134553.0</controlfield>
  <controlfield tag="008">200103n| azannaabn          |n aaa     d</controlfield>
  <datafield tag="010" ind1=" " ind2=" ">
    <subfield code="a"></subfield>
  </datafield>
  <datafield tag="040" ind1=" " ind2=" ">
    <subfield code="a">DLC</subfield>
    <subfield code="b">eng</subfield>
    <subfield code="e">rdea</subfield>
    <subfield code="c">DLC</subfield>
  </datafield>
  <datafield tag="046" ind1=" " ind2=" ">
    <subfield code="f">1977</subfield>
  </datafield>
  <datafield tag="100" ind1="1" ind2=" ">
    <subfield code="a">Ba, Oumar,</subfield>
    <subfield code="d">1977-</subfield>
  </datafield>
  <datafield tag="370" ind1=" " ind2=" ">
    <subfield code="a">Sengal</subfield>
    <subfield code="e">United States</subfield>
    <subfield code="2">naf</subfield>
  </datafield>
  <datafield tag="372" ind1=" " ind2=" ">
    <subfield code="a">Political science</subfield>
    <subfield code="2">lcsh</subfield>
  </datafield>
  <datafield tag="374" ind1=" " ind2=" ">
    <subfield code="a">College teachers</subfield>
    <subfield code="2">lcsh</subfield>
  </datafield>
  <datafield tag="375" ind1=" " ind2=" ">
    <subfield code="a">Males</subfield>
    <subfield code="2">lcsh</subfield>
  </datafield>
  <datafield tag="670" ind1=" " ind2=" ">
    <subfield code="a">States of justice, 2020:</subfield>
    <subfield code="b">ECIP t.p. (Oumar Ba, Morehouse College, Atlanta) PrePUbBL (b. 1977)</subfield>
  </datafield>
  <datafield tag="670" ind1=" " ind2=" ">
    <subfield code="a">Morehouse College website, viewed 1/3/2020</subfield>
    <subfield code="b">(Oumar Ba, Assistant Professor in the department of political science. His research focuses on the politics of international justice. His main interests also include Global South in/and IR and postcolonial legal theory; Education: PhD in Political Science, University of Florida 2016;  MA in Political Science, University of Florida 2014;  MA in Political Science, Ohio University 2011;  MA in African Studies, Ohio University 2011;  BA in International Studies, The Ohio State University, 2009;  BA in Geography, Universite Cheikh Anta Diop 1999)</subfield>
  </datafield>
  <datafield tag="670" ind1=" " ind2=" ">
    <subfield code="a">University of Florida Libary website, viewed 1/3/2020</subfield>
    <subfield code="b">text and bib record for his thesis (Oumar Ba, born and raised in Senegal)</subfield>
  </datafield>
</record>