
<record>
  <leader>00334nz  a2200121n  4500</leader>
  <controlfield tag="001">11257957</controlfield>
  <controlfield tag="003">DLC</controlfield>
  <controlfield tag="005">20200103134656.0</controlfield>
  <controlfield tag="008">200103n| azannaabn          |n aaa      </controlfield>
  <datafield tag="010" ind1=" " ind2=" ">
    <subfield code="a">n 2020000330</subfield>
  </datafield>
  <datafield tag="040" ind1=" " ind2=" ">
    <subfield code="a">DLC</subfield>
    <subfield code="b">eng</subfield>
    <subfield code="e">rda</subfield>
    <subfield code="c">DLC</subfield>
  </datafield>
  <datafield tag="100" ind1="1" ind2=" ">
    <subfield code="a">Kokkonen, Tuomas</subfield>
  </datafield>
  <datafield tag="670" ind1=" " ind2=" ">
    <subfield code="a">Ympäristölainsäädäntö 2019, 2019:</subfield>
    <subfield code="b">title page (Tuomas Kokkonen)</subfield>
  </datafield>
</record>