
<record>
  <leader>00553nz  a2200145n  4500</leader>
  <controlfield tag="001">11257962</controlfield>
  <controlfield tag="003">DLC</controlfield>
  <controlfield tag="005">20200103135850.0</controlfield>
  <controlfield tag="008">200103n| anannaabn           n aaa      </controlfield>
  <datafield tag="010" ind1=" " ind2=" ">
    <subfield code="a">n 2020000333</subfield>
  </datafield>
  <datafield tag="040" ind1=" " ind2=" ">
    <subfield code="a">DLC</subfield>
    <subfield code="b">eng</subfield>
    <subfield code="e">rda</subfield>
    <subfield code="c">DLC</subfield>
  </datafield>
  <datafield tag="100" ind1="1" ind2=" ">
    <subfield code="a">Hynes, Thomas</subfield>
  </datafield>
  <datafield tag="370" ind1=" " ind2=" ">
    <subfield code="e">Brooklyn Heights (New York, N.Y.)</subfield>
    <subfield code="2">naf</subfield>
  </datafield>
  <datafield tag="670" ind1=" " ind2=" ">
    <subfield code="a">Wild city, 2020:</subfield>
    <subfield code="b">ECIP title page (Thomas Hynes) galley (Thomas Hynes is a writer who lives in Brooklyn Heights; his work has been featured in Sierra Club, The Awl, PR Week, and Untapped Cities)</subfield>
  </datafield>
  <datafield tag="675" ind1=" " ind2=" ">
    <subfield code="a">Copyright catalog, Jan. 3, 2020</subfield>
  </datafield>
</record>