
<record>
  <leader>00384nz  a2200133n  4500</leader>
  <controlfield tag="001">11257963</controlfield>
  <controlfield tag="003">DLC</controlfield>
  <controlfield tag="005">20200103140205.0</controlfield>
  <controlfield tag="008">200103n| azannaabn          |n aaa      </controlfield>
  <datafield tag="010" ind1=" " ind2=" ">
    <subfield code="a">n 2020000336</subfield>
  </datafield>
  <datafield tag="040" ind1=" " ind2=" ">
    <subfield code="a">DLC</subfield>
    <subfield code="b">eng</subfield>
    <subfield code="e">rda</subfield>
    <subfield code="c">DLC</subfield>
  </datafield>
  <datafield tag="053" ind1=" " ind2="0">
    <subfield code="a">PS3614.Y56</subfield>
  </datafield>
  <datafield tag="100" ind1="1" ind2=" ">
    <subfield code="a">Nyhart, Al</subfield>
  </datafield>
  <datafield tag="670" ind1=" " ind2=" ">
    <subfield code="a">The man himself, 2019:</subfield>
    <subfield code="b">title page (Al Nyhart) page 4 of cover (lives in White Sulphur Springs, Montana)</subfield>
  </datafield>
</record>