
<record>
  <leader>00759nz  a2200133n  4500</leader>
  <controlfield tag="001">11257964</controlfield>
  <controlfield tag="003">DLC</controlfield>
  <controlfield tag="005">20200103140306.0</controlfield>
  <controlfield tag="008">200103n| azannaabn          |n aaa      </controlfield>
  <datafield tag="010" ind1=" " ind2=" ">
    <subfield code="a">n 2020000337</subfield>
  </datafield>
  <datafield tag="040" ind1=" " ind2=" ">
    <subfield code="a">DLC</subfield>
    <subfield code="b">eng</subfield>
    <subfield code="c">DLC</subfield>
    <subfield code="e">rda</subfield>
  </datafield>
  <datafield tag="046" ind1=" " ind2=" ">
    <subfield code="f">1982</subfield>
  </datafield>
  <datafield tag="100" ind1="1" ind2=" ">
    <subfield code="a">Schindler, Sebastian,</subfield>
    <subfield code="d">1982-</subfield>
  </datafield>
  <datafield tag="670" ind1=" " ind2=" ">
    <subfield code="a">Theory as ideology in international relations, 2020:</subfield>
    <subfield code="b">ECIP title page (Sebastian Schindler) biography, etc. (born 1982; Research Associate at Geschwister-Scholl-Institute for Political Science, Ludwig Maximilians Universität, Munich, Germany. His research interests include theories of International Relations (IR), international organisations, theories of practice, and critical theories. He holds a doctoral degree from Goethe University, Frankfurt/Main, Germany)</subfield>
  </datafield>
</record>