
<record>
  <leader>00517nz  a2200121n  4500</leader>
  <controlfield tag="001">11257965</controlfield>
  <controlfield tag="003">DLC</controlfield>
  <controlfield tag="005">20200103140336.0</controlfield>
  <controlfield tag="008">200103n| azannaabn          |n aaa      </controlfield>
  <datafield tag="010" ind1=" " ind2=" ">
    <subfield code="a">n 2020000338</subfield>
  </datafield>
  <datafield tag="040" ind1=" " ind2=" ">
    <subfield code="a">DLC</subfield>
    <subfield code="b">eng</subfield>
    <subfield code="e">rda</subfield>
    <subfield code="c">DLC</subfield>
  </datafield>
  <datafield tag="100" ind1="1" ind2=" ">
    <subfield code="a">Majtanova, Miroslava</subfield>
  </datafield>
  <datafield tag="670" ind1=" " ind2=" ">
    <subfield code="a">Die Rolle der deutschen Sprache für die Gruppenidentität von Deutschen im Ausland, 2015:</subfield>
    <subfield code="b">title page (Miroslava Majtanova) back cover (studied German studies in Nitra, Slovakia, and Braunschweig, Germany; works as an instructor of German in Malaysia)</subfield>
  </datafield>
</record>