
<record>
  <leader>00370nz  a2200121n  4500</leader>
  <controlfield tag="001">11257966</controlfield>
  <controlfield tag="003">DLC</controlfield>
  <controlfield tag="005">20200103140728.0</controlfield>
  <controlfield tag="008">200103n| azannaabn          |n aaa      </controlfield>
  <datafield tag="010" ind1=" " ind2=" ">
    <subfield code="a">n 2020000339</subfield>
  </datafield>
  <datafield tag="040" ind1=" " ind2=" ">
    <subfield code="a">DLC</subfield>
    <subfield code="b">eng</subfield>
    <subfield code="e">rda</subfield>
    <subfield code="c">DLC</subfield>
  </datafield>
  <datafield tag="100" ind1="1" ind2=" ">
    <subfield code="a">Brodie, Morris</subfield>
  </datafield>
  <datafield tag="670" ind1=" " ind2=" ">
    <subfield code="a">Transatlantic anarchism during the Spanish Civil War and Revolution, 1936-1939, 2020:</subfield>
    <subfield code="b">title page (Morris Brodie)</subfield>
  </datafield>
</record>