
<record>
  <leader>00542nz  a2200145n  4500</leader>
  <controlfield tag="001">11257967</controlfield>
  <controlfield tag="003">DLC</controlfield>
  <controlfield tag="005">20200103141246.0</controlfield>
  <controlfield tag="008">200103n| azannaabn          |n ana      </controlfield>
  <datafield tag="010" ind1=" " ind2=" ">
    <subfield code="a">n 2020000340</subfield>
  </datafield>
  <datafield tag="040" ind1=" " ind2=" ">
    <subfield code="a">DLC</subfield>
    <subfield code="b">eng</subfield>
    <subfield code="e">rda</subfield>
    <subfield code="c">DLC</subfield>
  </datafield>
  <datafield tag="110" ind1="2" ind2=" ">
    <subfield code="a">Erotic Suicide (Musical group)</subfield>
  </datafield>
  <datafield tag="368" ind1=" " ind2=" ">
    <subfield code="a">Rock groups</subfield>
    <subfield code="2">lcsh</subfield>
  </datafield>
  <datafield tag="372" ind1=" " ind2=" ">
    <subfield code="a">Heavy metal (Music)</subfield>
    <subfield code="2">lcsh</subfield>
  </datafield>
  <datafield tag="670" ind1=" " ind2=" ">
    <subfield code="a">Erotic Suicide (Musical group). Abusement park, 1994:</subfield>
    <subfield code="b">label (Erotic Suicide) insert (Stephan Lauren, guitar ; Kyle St. Clair, guitar ; Rachal Rose, vocals ; Leslie Blak, bass ; DD Rose, drums)</subfield>
  </datafield>
</record>