
<record>
  <leader>01029nz  a2200193o  4500</leader>
  <controlfield tag="001">11257969</controlfield>
  <controlfield tag="003">DLC</controlfield>
  <controlfield tag="005">20200103141551.0</controlfield>
  <controlfield tag="008">200103n| azannaabn          |n aaa     d</controlfield>
  <datafield tag="010" ind1=" " ind2=" ">
    <subfield code="a"></subfield>
  </datafield>
  <datafield tag="040" ind1=" " ind2=" ">
    <subfield code="a">DLC</subfield>
    <subfield code="b">eng</subfield>
    <subfield code="e">rda</subfield>
    <subfield code="c">DLC</subfield>
  </datafield>
  <datafield tag="046" ind1=" " ind2=" ">
    <subfield code="f">1985</subfield>
  </datafield>
  <datafield tag="100" ind1="1" ind2=" ">
    <subfield code="a">Kuraj, Nertila,</subfield>
    <subfield code="d">1985-</subfield>
  </datafield>
  <datafield tag="370" ind1=" " ind2=" ">
    <subfield code="a">Albania</subfield>
    <subfield code="2">naf</subfield>
  </datafield>
  <datafield tag="372" ind1=" " ind2=" ">
    <subfield code="a">Law</subfield>
    <subfield code="2">lcsh</subfield>
  </datafield>
  <datafield tag="375" ind1=" " ind2=" ">
    <subfield code="a">Females</subfield>
    <subfield code="2">lcsh</subfield>
  </datafield>
  <datafield tag="670" ind1=" " ind2=" ">
    <subfield code="a">REACH and the environmental regulation of nanotechnology, 2020:</subfield>
    <subfield code="b">title page (Nertila Kuraj) publisher&apos;s website (&quot;Postdoctoral Research Fellow at the Department of Public and International Law, University of Oslo, Norway, and a Visiting Scholar at UC Berkeley School of Law&quot;).</subfield>
  </datafield>
  <datafield tag="670" ind1=" " ind2=" ">
    <subfield code="a">Nat.Lib.Norway in VIAF, viewed Jan. 3, 2020</subfield>
    <subfield code="b">(hdg: Kuraj, Nertila, 1985- ; b. Elbasan, Albania‏)</subfield>
  </datafield>
  <datafield tag="670" ind1=" " ind2=" ">
    <subfield code="a">University of Oslo, Dept. of Public and International law website, viewed 1/3/2020</subfield>
    <subfield code="b">(Nertila Kuraj, Postdoctoral Research Fellow, Education: University of Oslo, Doctorate 2017; University of Pisa, Bachelor Degree in Law Master in International and European Law).</subfield>
  </datafield>
</record>