
<record>
  <leader>00636nz  a2200157n  4500</leader>
  <controlfield tag="001">11257971</controlfield>
  <controlfield tag="003">DLC</controlfield>
  <controlfield tag="005">20200103142300.0</controlfield>
  <controlfield tag="008">200103n| azannaabn          |n aaa      </controlfield>
  <datafield tag="010" ind1=" " ind2=" ">
    <subfield code="a">n 2020000343</subfield>
  </datafield>
  <datafield tag="040" ind1=" " ind2=" ">
    <subfield code="a">DLC</subfield>
    <subfield code="b">eng</subfield>
    <subfield code="e">rda</subfield>
    <subfield code="c">DLC</subfield>
  </datafield>
  <datafield tag="046" ind1=" " ind2=" ">
    <subfield code="f">1944</subfield>
    <subfield code="2">edtf</subfield>
  </datafield>
  <datafield tag="053" ind1=" " ind2="0">
    <subfield code="a">PS3618.I3429</subfield>
  </datafield>
  <datafield tag="100" ind1="1" ind2=" ">
    <subfield code="a">Richards, Jeff,</subfield>
    <subfield code="d">1944-</subfield>
  </datafield>
  <datafield tag="670" ind1=" " ind2=" ">
    <subfield code="a">Lady killer, 2019:</subfield>
    <subfield code="b">title page (Jeff Richards) page 4 of cover (his first novel was Open country: a Civil War novel in stories; lives in Takoma Park, Maryland)</subfield>
  </datafield>
  <datafield tag="670" ind1=" " ind2=" ">
    <subfield code="a">Copyright catalog, viewed January 3, 2020:</subfield>
    <subfield code="b">(Title: Open country: a Civil War novel in stories ; Copyright Claimant: Jeff Richards, 1944- )</subfield>
  </datafield>
</record>