
<record>
  <leader>00384nz  a2200133n  4500</leader>
  <controlfield tag="001">11257973</controlfield>
  <controlfield tag="003">DLC</controlfield>
  <controlfield tag="005">20200103142812.0</controlfield>
  <controlfield tag="008">200103n| azannaabn          |n aaa      </controlfield>
  <datafield tag="010" ind1=" " ind2=" ">
    <subfield code="a">n 2020000345</subfield>
  </datafield>
  <datafield tag="040" ind1=" " ind2=" ">
    <subfield code="a">DLC</subfield>
    <subfield code="b">eng</subfield>
    <subfield code="c">DLC</subfield>
    <subfield code="e">rda</subfield>
  </datafield>
  <datafield tag="100" ind1="1" ind2=" ">
    <subfield code="a">Lőrincz, Teréz,</subfield>
    <subfield code="d">1961-</subfield>
  </datafield>
  <datafield tag="670" ind1=" " ind2=" ">
    <subfield code="a">Dél, 2019:</subfield>
    <subfield code="b">title page (Lőrincz Teréz) cover, p. 3 (b. 1961, Szabadka [Serbia]; teacher)</subfield>
  </datafield>
  <datafield tag="953" ind1=" " ind2=" ">
    <subfield code="a">fc15</subfield>
  </datafield>
</record>