
<record>
  <leader>00738cz  a2200193n  4500</leader>
  <controlfield tag="001">11257974</controlfield>
  <controlfield tag="003">DLC</controlfield>
  <controlfield tag="005">20200103143913.0</controlfield>
  <controlfield tag="008">200103n| azannaabn          |n ana      </controlfield>
  <datafield tag="010" ind1=" " ind2=" ">
    <subfield code="a">n 2020000346</subfield>
  </datafield>
  <datafield tag="040" ind1=" " ind2=" ">
    <subfield code="a">DLC</subfield>
    <subfield code="b">eng</subfield>
    <subfield code="c">DLC</subfield>
    <subfield code="e">rda</subfield>
  </datafield>
  <datafield tag="110" ind1="2" ind2=" ">
    <subfield code="a">Folsom Chamber of Commerce</subfield>
  </datafield>
  <datafield tag="368" ind1=" " ind2=" ">
    <subfield code="a">Business enterprises</subfield>
    <subfield code="2">lcsh</subfield>
  </datafield>
  <datafield tag="370" ind1=" " ind2=" ">
    <subfield code="c">California</subfield>
    <subfield code="e">Folsom (Calif.)</subfield>
    <subfield code="2">naf</subfield>
  </datafield>
  <datafield tag="371" ind1=" " ind2=" ">
    <subfield code="a">200 Wool Street</subfield>
    <subfield code="b">Folsom</subfield>
    <subfield code="c">California</subfield>
    <subfield code="d">United States</subfield>
    <subfield code="e">95630</subfield>
  </datafield>
  <datafield tag="372" ind1=" " ind2=" ">
    <subfield code="a">Business</subfield>
    <subfield code="a">Commerce</subfield>
    <subfield code="a">Communities</subfield>
    <subfield code="2">lcsh</subfield>
  </datafield>
  <datafield tag="377" ind1=" " ind2=" ">
    <subfield code="a">eng</subfield>
  </datafield>
  <datafield tag="670" ind1=" " ind2=" ">
    <subfield code="a">Map of Folsom, California, 1973?:</subfield>
    <subfield code="b">map recto (Folsom Chamber of Commerce)</subfield>
  </datafield>
  <datafield tag="670" ind1=" " ind2=" ">
    <subfield code="a">Folsom Chamber website, Jan. 3, 2020</subfield>
    <subfield code="b">(Folsom Chamber of Commerce; Connecting business &amp; community; Address: 200 Wool St, Folsom, CA 95630)</subfield>
  </datafield>
</record>