
<record>
  <leader>00391cz  a2200133n  4500</leader>
  <controlfield tag="001">11257975</controlfield>
  <controlfield tag="003">DLC</controlfield>
  <controlfield tag="005">20200103143304.0</controlfield>
  <controlfield tag="008">200103n| azannaabn          |n aaa      </controlfield>
  <datafield tag="010" ind1=" " ind2=" ">
    <subfield code="a">n 2020000347</subfield>
  </datafield>
  <datafield tag="040" ind1=" " ind2=" ">
    <subfield code="a">DLC</subfield>
    <subfield code="b">eng</subfield>
    <subfield code="e">rda</subfield>
    <subfield code="c">DLC</subfield>
  </datafield>
  <datafield tag="046" ind1=" " ind2=" ">
    <subfield code="f">1989</subfield>
    <subfield code="2">edtf</subfield>
  </datafield>
  <datafield tag="100" ind1="1" ind2=" ">
    <subfield code="a">Grabs, Janina,</subfield>
    <subfield code="d">1989-</subfield>
  </datafield>
  <datafield tag="670" ind1=" " ind2=" ">
    <subfield code="a">Selling sustainability short?, 2020:</subfield>
    <subfield code="b">title page (Janina Grabs) ONIX data from CIP program (b. 1989)</subfield>
  </datafield>
</record>