
<record>
  <leader>01004cz  a2200205n  4500</leader>
  <controlfield tag="001">11257977</controlfield>
  <controlfield tag="003">DLC</controlfield>
  <controlfield tag="005">20200103153131.0</controlfield>
  <controlfield tag="008">200103n| azannaabn          |a aaa      </controlfield>
  <datafield tag="010" ind1=" " ind2=" ">
    <subfield code="a">n 2020000350</subfield>
  </datafield>
  <datafield tag="040" ind1=" " ind2=" ">
    <subfield code="a">DLC</subfield>
    <subfield code="b">eng</subfield>
    <subfield code="e">rda</subfield>
    <subfield code="c">DLC</subfield>
  </datafield>
  <datafield tag="046" ind1=" " ind2=" ">
    <subfield code="f">1888-05-20</subfield>
    <subfield code="g">1944-09-28</subfield>
    <subfield code="2">edtf</subfield>
  </datafield>
  <datafield tag="100" ind1="1" ind2=" ">
    <subfield code="a">Sokol, Bernardin,</subfield>
    <subfield code="d">1888-1944</subfield>
  </datafield>
  <datafield tag="370" ind1=" " ind2=" ">
    <subfield code="a">Kaštel Sućurac (Croatia)</subfield>
    <subfield code="c">Croatia</subfield>
    <subfield code="2">naf</subfield>
  </datafield>
  <datafield tag="372" ind1=" " ind2=" ">
    <subfield code="a">Sacred music</subfield>
    <subfield code="a">Composition (Music)</subfield>
    <subfield code="a">Theology</subfield>
    <subfield code="2">lcsh</subfield>
  </datafield>
  <datafield tag="374" ind1=" " ind2=" ">
    <subfield code="a">Musicians</subfield>
    <subfield code="a">Composers</subfield>
    <subfield code="a">Theologians</subfield>
    <subfield code="a">Priests</subfield>
    <subfield code="2">lcsh</subfield>
  </datafield>
  <datafield tag="375" ind1=" " ind2=" ">
    <subfield code="a">Males</subfield>
    <subfield code="2">lcdgt</subfield>
  </datafield>
  <datafield tag="400" ind1="1" ind2=" ">
    <subfield code="a">Sokol, Luka Bernardin,</subfield>
    <subfield code="d">1888-1944</subfield>
  </datafield>
  <datafield tag="670" ind1=" " ind2=" ">
    <subfield code="a">Neoskvrnjenoj, 1939:</subfield>
    <subfield code="b">cover (uglazbio Bernardin Mo. Dr. Sokol)</subfield>
  </datafield>
  <datafield tag="670" ind1=" " ind2=" ">
    <subfield code="a">hr.wikipedia.org, Jan. 3, 2020</subfield>
    <subfield code="b">(Fra Luka Bernardin Sokol (Kaštel Sućurac, 20. svibnja 1888. - između Badije i Orebića, 28. rujna 1944.), hrvatski crkveni i svjetovni glazbenik, glazbeni publicist, skladatelj, teolog, muzikolog, dobar polifoničar i izraziti melodičar i mučenik, žrtva zločina jugokomunističkih partizana)</subfield>
  </datafield>
</record>