
<record>
  <leader>01195cz  a2200217n  4500</leader>
  <controlfield tag="001">11257978</controlfield>
  <controlfield tag="003">DLC</controlfield>
  <controlfield tag="005">20200103144729.0</controlfield>
  <controlfield tag="008">200103n| azannaabn          |b aaa      </controlfield>
  <datafield tag="010" ind1=" " ind2=" ">
    <subfield code="a">n 2020000268</subfield>
  </datafield>
  <datafield tag="040" ind1=" " ind2=" ">
    <subfield code="a">DLC</subfield>
    <subfield code="b">eng</subfield>
    <subfield code="e">rda</subfield>
    <subfield code="c">DLC</subfield>
  </datafield>
  <datafield tag="100" ind1="1" ind2=" ">
    <subfield code="a">Dolinov, Mikhail Anatolʹevich</subfield>
  </datafield>
  <datafield tag="374" ind1=" " ind2=" ">
    <subfield code="a">Poets, Russian</subfield>
    <subfield code="2">lcsh</subfield>
  </datafield>
  <datafield tag="400" ind1="1" ind2=" ">
    <subfield code="a">Dolinov, M.</subfield>
    <subfield code="q">(Mikhail)</subfield>
  </datafield>
  <datafield tag="400" ind1="1" ind2=" ">
    <subfield code="a">Долинов, Михаил Анатольевич</subfield>
  </datafield>
  <datafield tag="400" ind1="1" ind2=" ">
    <subfield code="a">Gershenshteĭn, Mikhail Anatolʹevich</subfield>
  </datafield>
  <datafield tag="400" ind1="1" ind2=" ">
    <subfield code="a">Гершенштейн, Михаил Анатольевич</subfield>
  </datafield>
  <datafield tag="667" ind1=" " ind2=" ">
    <subfield code="a">Non-Latin script reference not evaluated.</subfield>
  </datafield>
  <datafield tag="670" ind1=" " ind2=" ">
    <subfield code="a">Polonʺ, 1916:</subfield>
    <subfield code="b">title page (М. Долинов, M. Dolinov)</subfield>
  </datafield>
  <datafield tag="670" ind1=" " ind2=" ">
    <subfield code="a">Russian National Library card catalog online, viewed 03 January 2020:</subfield>
    <subfield code="b">(heading: Долинов, Михаил Анатольевич = Dolinov, Mikhail Anatolʹevich: pseudonum of M.A. Gershenshteĭn; usage: Mikhail Dolinov; poet)</subfield>
  </datafield>
  <datafield tag="670" ind1=" " ind2=" ">
    <subfield code="a">Rossiĭskiĭ gosudarstvennyĭ arkhiv literatury i iskusstva, viewed online 03 January 2020:</subfield>
    <subfield code="b">(Долинов, Михаил Анатольевич = Dolinov, Mikhail Anatolʹevich: correspondence with Boris Alpers, Marii︠a︡ Savina and I︠U︡riĭ Slezkin)</subfield>
  </datafield>
</record>