
<record>
  <leader>00375cz  a2200133n  4500</leader>
  <controlfield tag="001">11257979</controlfield>
  <controlfield tag="003">DLC</controlfield>
  <controlfield tag="005">20200103144554.0</controlfield>
  <controlfield tag="008">200103n| azannaabn          |a aaa      </controlfield>
  <datafield tag="010" ind1=" " ind2=" ">
    <subfield code="a">n 2020000351</subfield>
  </datafield>
  <datafield tag="040" ind1=" " ind2=" ">
    <subfield code="a">DLC</subfield>
    <subfield code="b">eng</subfield>
    <subfield code="e">rda</subfield>
    <subfield code="c">DLC</subfield>
  </datafield>
  <datafield tag="100" ind1="1" ind2=" ">
    <subfield code="a">Kalouaz, Ahmed.</subfield>
    <subfield code="t">Short stories.</subfield>
    <subfield code="k">Selections</subfield>
  </datafield>
  <datafield tag="400" ind1="1" ind2=" ">
    <subfield code="a">Kalouaz, Ahmed.</subfield>
    <subfield code="t">Sur le bout de la langue</subfield>
  </datafield>
  <datafield tag="670" ind1=" " ind2=" ">
    <subfield code="a">Sur le bout de la langue, 2019.</subfield>
  </datafield>
</record>