
<record>
  <leader>00387nz  a2200133n  4500</leader>
  <controlfield tag="001">11257980</controlfield>
  <controlfield tag="003">DLC</controlfield>
  <controlfield tag="005">20200103144548.0</controlfield>
  <controlfield tag="008">200103n| azannaabn          |a aaa      </controlfield>
  <datafield tag="010" ind1=" " ind2=" ">
    <subfield code="a">n 2020000352</subfield>
  </datafield>
  <datafield tag="040" ind1=" " ind2=" ">
    <subfield code="a">DLC</subfield>
    <subfield code="b">eng</subfield>
    <subfield code="c">DLC</subfield>
    <subfield code="e">rda</subfield>
  </datafield>
  <datafield tag="100" ind1="1" ind2=" ">
    <subfield code="a">Nádas, Péter,</subfield>
    <subfield code="d">1942-</subfield>
    <subfield code="t">Essays.</subfield>
    <subfield code="k">Selections</subfield>
  </datafield>
  <datafield tag="400" ind1="1" ind2=" ">
    <subfield code="a">Nádas, Péter,</subfield>
    <subfield code="d">1942-</subfield>
    <subfield code="t">Szabadság tréningjei</subfield>
  </datafield>
  <datafield tag="670" ind1=" " ind2=" ">
    <subfield code="a">A szabadság tréningjei, 2019</subfield>
  </datafield>
</record>