
<record>
  <leader>00451nz  a2200133n  4500</leader>
  <controlfield tag="001">11257981</controlfield>
  <controlfield tag="003">DLC</controlfield>
  <controlfield tag="005">20200103144720.0</controlfield>
  <controlfield tag="008">200103n| azannaabn          |n aaa      </controlfield>
  <datafield tag="010" ind1=" " ind2=" ">
    <subfield code="a">n 2020000353</subfield>
  </datafield>
  <datafield tag="040" ind1=" " ind2=" ">
    <subfield code="a">DLC</subfield>
    <subfield code="b">eng</subfield>
    <subfield code="e">rda</subfield>
    <subfield code="c">DLC</subfield>
  </datafield>
  <datafield tag="100" ind1="1" ind2=" ">
    <subfield code="a">Paasonen, Jyri,</subfield>
    <subfield code="d">1981-</subfield>
  </datafield>
  <datafield tag="670" ind1=" " ind2=" ">
    <subfield code="a">Yksityisen turvallisuusalan lainsäädäntö käytännössä, 2018:</subfield>
    <subfield code="b">title page (Jyri Paasonen)</subfield>
  </datafield>
  <datafield tag="670" ind1=" " ind2=" ">
    <subfield code="a">National Library of Finland, Jan 3, 2020:</subfield>
    <subfield code="b">(Paasonen, Jyri, 1981-)</subfield>
  </datafield>
</record>