
<record>
  <leader>00937cz  a2200181n  4500</leader>
  <controlfield tag="001">11257982</controlfield>
  <controlfield tag="003">DLC</controlfield>
  <controlfield tag="005">20200103145057.0</controlfield>
  <controlfield tag="008">200103n| azannaabn          |n aaa      </controlfield>
  <datafield tag="010" ind1=" " ind2=" ">
    <subfield code="a">n 2020000349</subfield>
  </datafield>
  <datafield tag="040" ind1=" " ind2=" ">
    <subfield code="a">DLC</subfield>
    <subfield code="b">eng</subfield>
    <subfield code="e">rda</subfield>
    <subfield code="c">DLC</subfield>
  </datafield>
  <datafield tag="046" ind1=" " ind2=" ">
    <subfield code="f">1950</subfield>
    <subfield code="2">edtf</subfield>
  </datafield>
  <datafield tag="053" ind1=" " ind2="0">
    <subfield code="a">PS3619.N5255</subfield>
  </datafield>
  <datafield tag="100" ind1="1" ind2=" ">
    <subfield code="a">Snelson, Doug,</subfield>
    <subfield code="d">1950-</subfield>
  </datafield>
  <datafield tag="378" ind1=" " ind2=" ">
    <subfield code="q">Douglas L.</subfield>
  </datafield>
  <datafield tag="670" ind1=" " ind2=" ">
    <subfield code="a">Laughter includes the word, 2019:</subfield>
    <subfield code="b">title page (Doug Snelson)</subfield>
  </datafield>
  <datafield tag="670" ind1=" " ind2=" ">
    <subfield code="a">Amazon website, viewed January 3, 2020</subfield>
    <subfield code="b">(Title: Laughter includes the word ; About the author: Doug Snelson is a children&apos;s book author and poet; author of the children&apos;s books Everybody deserves a hug, Who&apos;s got the face, and The fable of the sname named Slim; former officer in the in the United States Marine Corps)</subfield>
    <subfield code="u">https://www.amazon.com/Laughter-Word-Revealed-Life-Poetry/dp/0977781135</subfield>
  </datafield>
  <datafield tag="670" ind1=" " ind2=" ">
    <subfield code="a">Copyright catalog, viewed January 3, 2020</subfield>
    <subfield code="b">(Title: A dog named Face ; Names: Snelson, Douglas J., 1950- )</subfield>
  </datafield>
</record>