
<record>
  <leader>00521cz  a2200121n  4500</leader>
  <controlfield tag="001">11257984</controlfield>
  <controlfield tag="003">DLC</controlfield>
  <controlfield tag="005">20200103150028.0</controlfield>
  <controlfield tag="008">200103n| azannaabn          |n aaa      </controlfield>
  <datafield tag="010" ind1=" " ind2=" ">
    <subfield code="a">n 2020000355</subfield>
  </datafield>
  <datafield tag="040" ind1=" " ind2=" ">
    <subfield code="a">DLC</subfield>
    <subfield code="b">eng</subfield>
    <subfield code="c">DLC</subfield>
    <subfield code="e">rda</subfield>
  </datafield>
  <datafield tag="100" ind1="1" ind2=" ">
    <subfield code="a">Szilágyi, Anna-Rózsika,</subfield>
    <subfield code="d">1981-</subfield>
  </datafield>
  <datafield tag="670" ind1=" " ind2=" ">
    <subfield code="a">Kora újkori hagiográfia, 2015:</subfield>
    <subfield code="b">title page (Szilágyi Anna-Rózsika) cover, p. 4 (b. 1981, Dicsőszentmárton, [Romania]; focus on Hungarian 17th century lit.; teacher of Hungarian language and lit. in Dicsőszentmárton; lists works)</subfield>
  </datafield>
</record>