
<record>
  <leader>00631nz  a2200145n  4500</leader>
  <controlfield tag="001">11257989</controlfield>
  <controlfield tag="003">DLC</controlfield>
  <controlfield tag="005">20200103150634.0</controlfield>
  <controlfield tag="008">200103n| azannaabn          |n aaa      </controlfield>
  <datafield tag="010" ind1=" " ind2=" ">
    <subfield code="a">n 2020000361</subfield>
  </datafield>
  <datafield tag="040" ind1=" " ind2=" ">
    <subfield code="a">DLC</subfield>
    <subfield code="b">eng</subfield>
    <subfield code="e">rda</subfield>
    <subfield code="c">DLC</subfield>
  </datafield>
  <datafield tag="046" ind1=" " ind2=" ">
    <subfield code="f">1987</subfield>
    <subfield code="2">edtf</subfield>
  </datafield>
  <datafield tag="100" ind1="1" ind2=" ">
    <subfield code="a">Loonstra, Agnes,</subfield>
    <subfield code="d">1987-</subfield>
  </datafield>
  <datafield tag="670" ind1=" " ind2=" ">
    <subfield code="a">Crazy cat lady, 2019:</subfield>
    <subfield code="b">title page (Agnes Loonstra) about the authors page (Loonstra is a freelance illustrator who has worked with a variety of international publications, including Flow magazine)</subfield>
  </datafield>
  <datafield tag="670" ind1=" " ind2=" ">
    <subfield code="a">Author&apos;s website, viewed January 3, 2020</subfield>
    <subfield code="b">(Agness Loonstra born 1987; lives in the Netherlands)</subfield>
    <subfield code="u">https://agnesloonstra.nl/en/</subfield>
  </datafield>
</record>