
<record>
  <leader>00379nz  a2200133n  4500</leader>
  <controlfield tag="001">11257990</controlfield>
  <controlfield tag="003">DLC</controlfield>
  <controlfield tag="005">20200103151101.0</controlfield>
  <controlfield tag="008">200103n| azannaabn          |a aaa      </controlfield>
  <datafield tag="010" ind1=" " ind2=" ">
    <subfield code="a">n 2020000363</subfield>
  </datafield>
  <datafield tag="040" ind1=" " ind2=" ">
    <subfield code="a">DLC</subfield>
    <subfield code="b">eng</subfield>
    <subfield code="e">rda</subfield>
    <subfield code="c">DLC</subfield>
  </datafield>
  <datafield tag="100" ind1="1" ind2=" ">
    <subfield code="a">Read, Herbert,</subfield>
    <subfield code="d">1893-1968.</subfield>
    <subfield code="t">Meaning of art.</subfield>
    <subfield code="l">Persian</subfield>
  </datafield>
  <datafield tag="400" ind1="1" ind2=" ">
    <subfield code="a">Read, Herbert,</subfield>
    <subfield code="d">1893-1968.</subfield>
    <subfield code="t">Maʻnī-i hunar</subfield>
  </datafield>
  <datafield tag="670" ind1=" " ind2=" ">
    <subfield code="a">Maʻnī-i hunar, 1973.</subfield>
  </datafield>
</record>