
<record>
  <leader>00402nz  a2200121n  4500</leader>
  <controlfield tag="001">11257991</controlfield>
  <controlfield tag="003">DLC</controlfield>
  <controlfield tag="005">20200103151138.0</controlfield>
  <controlfield tag="008">200103n| azannaabn          |n aaa      </controlfield>
  <datafield tag="010" ind1=" " ind2=" ">
    <subfield code="a">n 2020000365</subfield>
  </datafield>
  <datafield tag="040" ind1=" " ind2=" ">
    <subfield code="a">DLC</subfield>
    <subfield code="b">eng</subfield>
    <subfield code="e">rda</subfield>
    <subfield code="c">DLC</subfield>
  </datafield>
  <datafield tag="100" ind1="1" ind2=" ">
    <subfield code="a">Tarroja, Brian</subfield>
  </datafield>
  <datafield tag="670" ind1=" " ind2=" ">
    <subfield code="a">Building a climate change-resilient electricity system for meeting California&apos;s energy and environmental goals, 2019:</subfield>
    <subfield code="b">title page (Brian Tarroja)</subfield>
  </datafield>
</record>