
<record>
  <leader>00710cz  a2200169n  4500</leader>
  <controlfield tag="001">11257992</controlfield>
  <controlfield tag="003">DLC</controlfield>
  <controlfield tag="005">20200103151654.0</controlfield>
  <controlfield tag="008">200103n| azannaabn          |a aaa      </controlfield>
  <datafield tag="010" ind1=" " ind2=" ">
    <subfield code="a">n 2020000364</subfield>
  </datafield>
  <datafield tag="040" ind1=" " ind2=" ">
    <subfield code="a">DLC</subfield>
    <subfield code="b">eng</subfield>
    <subfield code="e">rda</subfield>
    <subfield code="c">DLC</subfield>
  </datafield>
  <datafield tag="046" ind1=" " ind2=" ">
    <subfield code="f">1977</subfield>
    <subfield code="2">edtf</subfield>
  </datafield>
  <datafield tag="053" ind1=" " ind2="0">
    <subfield code="a">PS3622.I7897</subfield>
  </datafield>
  <datafield tag="100" ind1="1" ind2=" ">
    <subfield code="a">Viswam, Sury Patru,</subfield>
    <subfield code="d">1977-</subfield>
  </datafield>
  <datafield tag="400" ind1="1" ind2=" ">
    <subfield code="a">Viswam, Surendra,</subfield>
    <subfield code="d">1977-</subfield>
  </datafield>
  <datafield tag="670" ind1=" " ind2=" ">
    <subfield code="a">The destiny, 2019:</subfield>
    <subfield code="b">title page (Sury Patru Viswam) t.p. verso (Sury Patru Viswam is the pseudonym of Surendra Viswam) page 4 of cover (this is his first novel; lives in Plano, Texas)</subfield>
  </datafield>
  <datafield tag="670" ind1=" " ind2=" ">
    <subfield code="a">Copyright catalog, viewed January 3, 2020</subfield>
    <subfield code="b">(Title: The destiny ; Authorship on Application: Sury Patru Viswam, pseud. of Surendra Viswam, 1977- )</subfield>
  </datafield>
</record>