
<record>
  <leader>00760nz  a2200145n  4500</leader>
  <controlfield tag="001">11257993</controlfield>
  <controlfield tag="003">DLC</controlfield>
  <controlfield tag="005">20200103151730.0</controlfield>
  <controlfield tag="008">200103n| azannaabn          |n aaa      </controlfield>
  <datafield tag="010" ind1=" " ind2=" ">
    <subfield code="a">n 2020000366</subfield>
  </datafield>
  <datafield tag="040" ind1=" " ind2=" ">
    <subfield code="a">DLC</subfield>
    <subfield code="b">eng</subfield>
    <subfield code="e">rda</subfield>
    <subfield code="c">DLC</subfield>
  </datafield>
  <datafield tag="100" ind1="1" ind2=" ">
    <subfield code="a">Lund, Stefan</subfield>
    <subfield code="c">(Writer on the Civil War)</subfield>
  </datafield>
  <datafield tag="670" ind1=" " ind2=" ">
    <subfield code="a">Sources for armies of deliverance, 2020:</subfield>
    <subfield code="b">ECIP title page (Stefan Lund)</subfield>
  </datafield>
  <datafield tag="670" ind1=" " ind2=" ">
    <subfield code="a">Communication from publisher, Jan. 3, 2020:</subfield>
    <subfield code="b">(graduate assistant, University of Virginia)</subfield>
  </datafield>
  <datafield tag="670" ind1=" " ind2=" ">
    <subfield code="a">University of Virginia website, Jan. 3, 2020:</subfield>
    <subfield code="b">(Doctoral candidate. Research interest in Civil War free speech and censorship. Master&apos;s thesis on Civil War journalism and mob violence. Worked in digitization of historical documents. B.A., history and economics, Oberlin College, 2016)</subfield>
  </datafield>
</record>