
<record>
  <leader>00463nz  a2200133n  4500</leader>
  <controlfield tag="001">11257995</controlfield>
  <controlfield tag="003">DLC</controlfield>
  <controlfield tag="005">20200103152029.0</controlfield>
  <controlfield tag="008">200103n| azannaabn          |n aaa      </controlfield>
  <datafield tag="010" ind1=" " ind2=" ">
    <subfield code="a">n 2020000367</subfield>
  </datafield>
  <datafield tag="040" ind1=" " ind2=" ">
    <subfield code="a">DLC</subfield>
    <subfield code="b">eng</subfield>
    <subfield code="e">rda</subfield>
    <subfield code="c">DLC</subfield>
  </datafield>
  <datafield tag="053" ind1=" " ind2="0">
    <subfield code="a">PS3613.A27135</subfield>
  </datafield>
  <datafield tag="100" ind1="1" ind2=" ">
    <subfield code="a">MacDonald, Christa</subfield>
  </datafield>
  <datafield tag="670" ind1=" " ind2=" ">
    <subfield code="a">The redemption road, 2018:</subfield>
    <subfield code="b">title page (Christa MacDonald) p. 4 of cover (MacDonald is a 2017 Carol Award finalist for contemporary Christian fiction; lives in New England)</subfield>
  </datafield>
</record>