
<record>
  <leader>00598cz  a2200145n  4500</leader>
  <controlfield tag="001">11257996</controlfield>
  <controlfield tag="003">DLC</controlfield>
  <controlfield tag="005">20200103163300.0</controlfield>
  <controlfield tag="008">200103n| azannaabn          |a aaa      </controlfield>
  <datafield tag="010" ind1=" " ind2=" ">
    <subfield code="a">n 2020000369</subfield>
  </datafield>
  <datafield tag="040" ind1=" " ind2=" ">
    <subfield code="a">DLC</subfield>
    <subfield code="b">eng</subfield>
    <subfield code="e">rda</subfield>
    <subfield code="c">DLC</subfield>
  </datafield>
  <datafield tag="100" ind1="1" ind2=" ">
    <subfield code="a">Ĭovanovich, Antoniĭ</subfield>
  </datafield>
  <datafield tag="400" ind1="1" ind2=" ">
    <subfield code="a">Йованович, Антоний</subfield>
  </datafield>
  <datafield tag="667" ind1=" " ind2=" ">
    <subfield code="a">Non-Latin script reference not evaluated.</subfield>
  </datafield>
  <datafield tag="670" ind1=" " ind2=" ">
    <subfield code="a">Svęshtennoe t︠s︡vi︠e︡toōbranīe, ili, Sto i chetyre svęshtenny īstorīi izbranny izʺ Vetkhīatʺ i Novyatʺ Zavi︠e︡tʺ, 1825:</subfield>
    <subfield code="b">title page (...posvęshtenny na gospodina Antōnīa Īōannovicha.)</subfield>
  </datafield>
</record>