
<record>
  <leader>00505nz  a2200133n  4500</leader>
  <controlfield tag="001">11257997</controlfield>
  <controlfield tag="003">DLC</controlfield>
  <controlfield tag="005">20200103152656.0</controlfield>
  <controlfield tag="008">200103n| azannaabn          |n aaa      </controlfield>
  <datafield tag="010" ind1=" " ind2=" ">
    <subfield code="a">n 2020000370</subfield>
  </datafield>
  <datafield tag="040" ind1=" " ind2=" ">
    <subfield code="a">DLC</subfield>
    <subfield code="b">eng</subfield>
    <subfield code="e">rda</subfield>
    <subfield code="c">DLC</subfield>
  </datafield>
  <datafield tag="053" ind1=" " ind2="0">
    <subfield code="a">PS3623.I57727</subfield>
  </datafield>
  <datafield tag="100" ind1="1" ind2=" ">
    <subfield code="a">Willingham, Will</subfield>
  </datafield>
  <datafield tag="670" ind1=" " ind2=" ">
    <subfield code="a">Adjustments, 2019:</subfield>
    <subfield code="b">title page (Will Willingham) page 4 of cover (has worked in the claim adjusting field for 20 years; Director of Education at The Catastrophe Adjuster Training Institute at U.S. Adjusting Services)</subfield>
  </datafield>
</record>