
<record>
  <leader>00705cz  a2200193n  4500</leader>
  <controlfield tag="001">11257998</controlfield>
  <controlfield tag="003">DLC</controlfield>
  <controlfield tag="005">20200103152841.0</controlfield>
  <controlfield tag="008">200103n| azannaabn          |b aaa      </controlfield>
  <datafield tag="010" ind1=" " ind2=" ">
    <subfield code="a">n 2020000371</subfield>
  </datafield>
  <datafield tag="040" ind1=" " ind2=" ">
    <subfield code="a">DLC</subfield>
    <subfield code="b">eng</subfield>
    <subfield code="e">rda</subfield>
    <subfield code="c">DLC</subfield>
  </datafield>
  <datafield tag="100" ind1="1" ind2=" ">
    <subfield code="a">Dimitrov, Nikolaĭ</subfield>
    <subfield code="q">(Writer on social issues)</subfield>
  </datafield>
  <datafield tag="375" ind1=" " ind2=" ">
    <subfield code="a">Males</subfield>
    <subfield code="2">lcdgt</subfield>
  </datafield>
  <datafield tag="377" ind1=" " ind2=" ">
    <subfield code="a">bul</subfield>
  </datafield>
  <datafield tag="400" ind1="1" ind2=" ">
    <subfield code="a">Димитров, Николай</subfield>
    <subfield code="q">(Writer on social issues)</subfield>
  </datafield>
  <datafield tag="667" ind1=" " ind2=" ">
    <subfield code="a">Non-Latin script reference not evaluated.</subfield>
  </datafield>
  <datafield tag="667" ind1=" " ind2=" ">
    <subfield code="a">Cannot identify with any of the other Nikolaĭ Dimitrovs in the database.</subfield>
  </datafield>
  <datafield tag="670" ind1=" " ind2=" ">
    <subfield code="a">Sot︠s︡ialnite anklavi na sŭvremenostta, 2017:</subfield>
    <subfield code="b">title page (Николай Димитров, Nikolaĭ Dimitrov)</subfield>
  </datafield>
  <datafield tag="953" ind1=" " ind2=" ">
    <subfield code="a">fg10</subfield>
  </datafield>
</record>