
<record>
  <leader>00546cz  a2200133n  4500</leader>
  <controlfield tag="001">11257999</controlfield>
  <controlfield tag="003">DLC</controlfield>
  <controlfield tag="005">20200103154835.0</controlfield>
  <controlfield tag="008">200103n| azannaabn          |a aaa      </controlfield>
  <datafield tag="010" ind1=" " ind2=" ">
    <subfield code="a">n 2020000372</subfield>
  </datafield>
  <datafield tag="040" ind1=" " ind2=" ">
    <subfield code="a">DLC</subfield>
    <subfield code="b">eng</subfield>
    <subfield code="e">rda</subfield>
    <subfield code="c">DLC</subfield>
  </datafield>
  <datafield tag="100" ind1="1" ind2=" ">
    <subfield code="a">Simões, José Alberto Vasconcelos</subfield>
  </datafield>
  <datafield tag="400" ind1="1" ind2=" ">
    <subfield code="a">Vasconcelos Simões, José Alberto</subfield>
  </datafield>
  <datafield tag="670" ind1=" " ind2=" ">
    <subfield code="a">Protest, youth and precariousness, 2020:</subfield>
    <subfield code="b">title page (José Alberto Vasconcelos Simões) galley (PhD, Sociology, New University of Lisbon; teaches in the Dept. of Sociology, and is also a researcher at CICS.NOVA)</subfield>
  </datafield>
</record>