
<record>
  <leader>00562nz  a2200157n  4500</leader>
  <controlfield tag="001">11258000</controlfield>
  <controlfield tag="003">DLC</controlfield>
  <controlfield tag="005">20200103152948.0</controlfield>
  <controlfield tag="008">200103n| azannaabn          |n aaa      </controlfield>
  <datafield tag="010" ind1=" " ind2=" ">
    <subfield code="a">n 2020000373</subfield>
  </datafield>
  <datafield tag="040" ind1=" " ind2=" ">
    <subfield code="a">DLC</subfield>
    <subfield code="b">eng</subfield>
    <subfield code="e">rda</subfield>
    <subfield code="c">DLC</subfield>
  </datafield>
  <datafield tag="100" ind1="1" ind2=" ">
    <subfield code="a">Lê, Thị Hồng Điệp</subfield>
  </datafield>
  <datafield tag="370" ind1=" " ind2=" ">
    <subfield code="a">Vietnam</subfield>
    <subfield code="2">naf</subfield>
  </datafield>
  <datafield tag="375" ind1=" " ind2=" ">
    <subfield code="a">Females</subfield>
    <subfield code="2">lcsh</subfield>
  </datafield>
  <datafield tag="377" ind1=" " ind2=" ">
    <subfield code="a">vie</subfield>
  </datafield>
  <datafield tag="670" ind1=" " ind2=" ">
    <subfield code="a">Phát triển nguồn nhân lực chất lượng cao đáp ứng yêu cầu xây dựng nền kinh tế tri thức ở Việt Nam, 2012:</subfield>
    <subfield code="b">title page (TS. Lê Thị Hồng Điệp)</subfield>
  </datafield>
</record>