
<record>
  <leader>00759cz  a2200169n  4500</leader>
  <controlfield tag="001">11258001</controlfield>
  <controlfield tag="003">DLC</controlfield>
  <controlfield tag="005">20200103153831.0</controlfield>
  <controlfield tag="008">200103n| azannaabn          |b aaa      </controlfield>
  <datafield tag="010" ind1=" " ind2=" ">
    <subfield code="a">n 2020000374</subfield>
  </datafield>
  <datafield tag="040" ind1=" " ind2=" ">
    <subfield code="a">DLC</subfield>
    <subfield code="b">eng</subfield>
    <subfield code="e">rda</subfield>
    <subfield code="c">DLC</subfield>
  </datafield>
  <datafield tag="100" ind1="1" ind2=" ">
    <subfield code="a">Shafīʻīhā, M. H.,</subfield>
    <subfield code="d">1919 or 1920-</subfield>
  </datafield>
  <datafield tag="400" ind1="1" ind2=" ">
    <subfield code="a">‏شفيعيها، م. ه.‏</subfield>
  </datafield>
  <datafield tag="400" ind1="1" ind2=" ">
    <subfield code="a">Shafīʻīhā, Muḥammad Hādī,</subfield>
    <subfield code="d">1919 or 1920-</subfield>
  </datafield>
  <datafield tag="667" ind1=" " ind2=" ">
    <subfield code="a">Non-Latin script reference not evaluated.</subfield>
  </datafield>
  <datafield tag="670" ind1=" " ind2=" ">
    <subfield code="a">Pidarān va farzandān, 1973 or 1974:</subfield>
    <subfield code="b">title page (م.ه. شفيعيها = M.H. Shafīʻīhā, translator from Russian to Persian)</subfield>
  </datafield>
  <datafield tag="670" ind1=" " ind2=" ">
    <subfield code="a">Fihrist-i mustanad-i asāmī-i mashāhīr va muʼallifān, 1997:</subfield>
    <subfield code="b">v. 1, p. 873 (Shafīʻīhā, Muḥammad Hādī; b. 1298 HS [1919 or 1920])</subfield>
  </datafield>
</record>