
<record>
  <leader>00431nz  a2200133n  4500</leader>
  <controlfield tag="001">11258002</controlfield>
  <controlfield tag="003">DLC</controlfield>
  <controlfield tag="005">20200103154533.0</controlfield>
  <controlfield tag="008">200103n| azannaabn          |a aaa      </controlfield>
  <datafield tag="010" ind1=" " ind2=" ">
    <subfield code="a">n 2020000376</subfield>
  </datafield>
  <datafield tag="040" ind1=" " ind2=" ">
    <subfield code="a">DLC</subfield>
    <subfield code="b">eng</subfield>
    <subfield code="e">rda</subfield>
    <subfield code="c">DLC</subfield>
  </datafield>
  <datafield tag="100" ind1="1" ind2=" ">
    <subfield code="a">Turgenev, Ivan Sergeevich,</subfield>
    <subfield code="d">1818-1883.</subfield>
    <subfield code="t">Ott︠s︡y i deti.</subfield>
    <subfield code="l">Persian</subfield>
  </datafield>
  <datafield tag="400" ind1="1" ind2=" ">
    <subfield code="a">Turgenev, Ivan Sergeevich,</subfield>
    <subfield code="d">1818-1883.</subfield>
    <subfield code="t">Pidarān va farzandān</subfield>
  </datafield>
  <datafield tag="670" ind1=" " ind2=" ">
    <subfield code="a">Pidarān va farzandān, 1973 or 1974.</subfield>
  </datafield>
</record>