
<record>
  <leader>00801nz  a2200169n  4500</leader>
  <controlfield tag="001">11258004</controlfield>
  <controlfield tag="003">DLC</controlfield>
  <controlfield tag="005">20200103155132.0</controlfield>
  <controlfield tag="008">200103n| azannaabn          |a aaa      </controlfield>
  <datafield tag="010" ind1=" " ind2=" ">
    <subfield code="a">n 2020000375</subfield>
  </datafield>
  <datafield tag="040" ind1=" " ind2=" ">
    <subfield code="a">DLC</subfield>
    <subfield code="b">eng</subfield>
    <subfield code="e">rda</subfield>
    <subfield code="c">DLC</subfield>
  </datafield>
  <datafield tag="046" ind1=" " ind2=" ">
    <subfield code="f">1954</subfield>
    <subfield code="2">edtf</subfield>
  </datafield>
  <datafield tag="053" ind1=" " ind2="0">
    <subfield code="a">PS3620.U758</subfield>
  </datafield>
  <datafield tag="100" ind1="1" ind2=" ">
    <subfield code="a">Turnbull-Gans, Laura,</subfield>
    <subfield code="d">1954-</subfield>
  </datafield>
  <datafield tag="400" ind1="1" ind2=" ">
    <subfield code="a">Gans, Laura Turnbull-,</subfield>
    <subfield code="d">1954-</subfield>
  </datafield>
  <datafield tag="670" ind1=" " ind2=" ">
    <subfield code="a">The Haberdashery, 2018:</subfield>
    <subfield code="b">title page (Laura Turnbull-Gans) page 390 (author of A ramp to nowhere, The selectors, The tool shed rebellion, and The crazy daze of summer; member of the General Society of Mayflower Decendents and National Society Daughters of the American Revolution)</subfield>
  </datafield>
  <datafield tag="670" ind1=" " ind2=" ">
    <subfield code="a">Copyright catalog, viewed January 3, 2020</subfield>
    <subfield code="b">(Title: The Haberdashery, Part 1 ; Authorship on Application: Laura Turnbull-Gans, 1954- )</subfield>
  </datafield>
</record>