
<record>
  <leader>00497nz  a2200157n  4500</leader>
  <controlfield tag="001">11258005</controlfield>
  <controlfield tag="003">DLC</controlfield>
  <controlfield tag="005">20200103155826.0</controlfield>
  <controlfield tag="008">200103n| azannaabn          |n aaa      </controlfield>
  <datafield tag="010" ind1=" " ind2=" ">
    <subfield code="a">n 2020250014</subfield>
  </datafield>
  <datafield tag="040" ind1=" " ind2=" ">
    <subfield code="a">DLC</subfield>
    <subfield code="b">eng</subfield>
    <subfield code="c">DLC</subfield>
    <subfield code="e">rda</subfield>
  </datafield>
  <datafield tag="046" ind1=" " ind2=" ">
    <subfield code="f">1986</subfield>
    <subfield code="2">edtf</subfield>
  </datafield>
  <datafield tag="100" ind1="1" ind2=" ">
    <subfield code="a">Medeiros, Júlia,</subfield>
    <subfield code="d">1986-</subfield>
  </datafield>
  <datafield tag="370" ind1=" " ind2=" ">
    <subfield code="a">São João del Rei (Brazil)</subfield>
    <subfield code="2">naf</subfield>
  </datafield>
  <datafield tag="377" ind1=" " ind2=" ">
    <subfield code="a">por</subfield>
  </datafield>
  <datafield tag="670" ind1=" " ind2=" ">
    <subfield code="a">A avó amarela, 2018:</subfield>
    <subfield code="b">title page (Júlia Medeiros) back flap (b. 1986, in São João del Rei, Minas Gerais; children&apos;s writer)</subfield>
  </datafield>
</record>