
<record>
  <leader>00482cz  a2200145n  4500</leader>
  <controlfield tag="001">11258006</controlfield>
  <controlfield tag="003">DLC</controlfield>
  <controlfield tag="005">20200103160143.0</controlfield>
  <controlfield tag="008">200103n| azannaabn          |n ana      </controlfield>
  <datafield tag="010" ind1=" " ind2=" ">
    <subfield code="a">n 2020000378</subfield>
  </datafield>
  <datafield tag="040" ind1=" " ind2=" ">
    <subfield code="a">DLC</subfield>
    <subfield code="b">eng</subfield>
    <subfield code="c">DLC</subfield>
    <subfield code="e">rda</subfield>
  </datafield>
  <datafield tag="151" ind1=" " ind2=" ">
    <subfield code="a">Salach (Germany)</subfield>
  </datafield>
  <datafield tag="670" ind1=" " ind2=" ">
    <subfield code="a">Work cat.: Städte-Verlag E. v. Wagner &amp; J. Mitterhuber. Ortsplan Salach, 1968?</subfield>
  </datafield>
  <datafield tag="670" ind1=" " ind2=" ">
    <subfield code="a">GeoNames, January 3, 2020</subfield>
    <subfield code="b">(Salach, ppl, Baden-Württemberg, 48° 41&apos; 33&quot; N, 009° 44&apos; 22&quot; E)</subfield>
  </datafield>
  <datafield tag="781" ind1=" " ind2="0">
    <subfield code="z">Germany</subfield>
    <subfield code="z">Salach</subfield>
  </datafield>
</record>