
<record>
  <leader>00421nz  a2200133n  4500</leader>
  <controlfield tag="001">11258009</controlfield>
  <controlfield tag="003">DLC</controlfield>
  <controlfield tag="005">20200103162803.0</controlfield>
  <controlfield tag="008">200103n| azannaabn          |n aaa      </controlfield>
  <datafield tag="010" ind1=" " ind2=" ">
    <subfield code="a">n 2020000380</subfield>
  </datafield>
  <datafield tag="040" ind1=" " ind2=" ">
    <subfield code="a">DLC</subfield>
    <subfield code="b">eng</subfield>
    <subfield code="e">rda</subfield>
    <subfield code="c">DLC</subfield>
  </datafield>
  <datafield tag="100" ind1="1" ind2=" ">
    <subfield code="a">Luca, Ghérasim.</subfield>
    <subfield code="t">Lapsus linguae</subfield>
  </datafield>
  <datafield tag="380" ind1=" " ind2=" ">
    <subfield code="a">Poetry</subfield>
    <subfield code="2">lcgft</subfield>
  </datafield>
  <datafield tag="670" ind1=" " ind2=" ">
    <subfield code="a">Stäbler, G. Stillschreiend anders,, 2019:</subfield>
    <subfield code="b">prefatory material (inspired by Ghérasim Luca&apos;s poem Lapsus linguae)</subfield>
  </datafield>
</record>