
<record>
  <leader>00388nz  a2200133n  4500</leader>
  <controlfield tag="001">11258010</controlfield>
  <controlfield tag="003">DLC</controlfield>
  <controlfield tag="005">20200103162855.0</controlfield>
  <controlfield tag="008">200103n| azannaabn          |a aaa      </controlfield>
  <datafield tag="010" ind1=" " ind2=" ">
    <subfield code="a">n 2020000381</subfield>
  </datafield>
  <datafield tag="040" ind1=" " ind2=" ">
    <subfield code="a">DLC</subfield>
    <subfield code="b">eng</subfield>
    <subfield code="e">rda</subfield>
    <subfield code="c">DLC</subfield>
  </datafield>
  <datafield tag="100" ind1="1" ind2=" ">
    <subfield code="a">Ikpi, Bassey.</subfield>
    <subfield code="t">Essays.</subfield>
    <subfield code="k">Selections</subfield>
  </datafield>
  <datafield tag="400" ind1="1" ind2=" ">
    <subfield code="a">Ikpi, Bassey.</subfield>
    <subfield code="t">I&apos;m telling the truth, but I&apos;m lying</subfield>
  </datafield>
  <datafield tag="670" ind1=" " ind2=" ">
    <subfield code="a">I&apos;m telling the truth, but I&apos;m lying, 2019.</subfield>
  </datafield>
</record>