
<record>
  <leader>00616nz  a2200157n  4500</leader>
  <controlfield tag="001">11258011</controlfield>
  <controlfield tag="003">DLC</controlfield>
  <controlfield tag="005">20200103163126.0</controlfield>
  <controlfield tag="008">200103n| azannaabn          |a ana      </controlfield>
  <datafield tag="010" ind1=" " ind2=" ">
    <subfield code="a">n 2020000382</subfield>
  </datafield>
  <datafield tag="040" ind1=" " ind2=" ">
    <subfield code="a">DLC</subfield>
    <subfield code="b">eng</subfield>
    <subfield code="e">rda</subfield>
    <subfield code="c">DLC</subfield>
  </datafield>
  <datafield tag="110" ind1="2" ind2=" ">
    <subfield code="a">National Convention of Gospel Choirs and Choruses, Inc.</subfield>
    <subfield code="b">Evangelical Choral Chapter</subfield>
  </datafield>
  <datafield tag="368" ind1=" " ind2=" ">
    <subfield code="a">Choirs (Music)</subfield>
    <subfield code="2">lcsh</subfield>
  </datafield>
  <datafield tag="372" ind1=" " ind2=" ">
    <subfield code="a">Gospel music</subfield>
    <subfield code="2">lcsh</subfield>
  </datafield>
  <datafield tag="410" ind1="2" ind2=" ">
    <subfield code="a">Evangelical Choral Chapter</subfield>
  </datafield>
  <datafield tag="670" ind1=" " ind2=" ">
    <subfield code="a">Martin, S. The living legend, 197-?:</subfield>
    <subfield code="b">container (Evangelical Choral Chapter; the Evangelical Choral Chapter is a part of the National Convention of Gospel Choirs and Choruses)</subfield>
  </datafield>
</record>