
<record>
  <leader>00999nz  a2200205n  4500</leader>
  <controlfield tag="001">11258012</controlfield>
  <controlfield tag="003">DLC</controlfield>
  <controlfield tag="005">20200103163450.0</controlfield>
  <controlfield tag="008">200103n| azannaabn          |b aaa      </controlfield>
  <datafield tag="010" ind1=" " ind2=" ">
    <subfield code="a">n 2020000383</subfield>
  </datafield>
  <datafield tag="040" ind1=" " ind2=" ">
    <subfield code="a">DLC</subfield>
    <subfield code="b">eng</subfield>
    <subfield code="e">rda</subfield>
    <subfield code="c">DLC</subfield>
  </datafield>
  <datafield tag="100" ind1="1" ind2=" ">
    <subfield code="a">Muqaddam, Maryam,</subfield>
    <subfield code="d">1969 or 1970-</subfield>
  </datafield>
  <datafield tag="400" ind1="1" ind2=" ">
    <subfield code="a">‏مقدم، مريم,‏</subfield>
    <subfield code="d">‏1969 or 1970-</subfield>
  </datafield>
  <datafield tag="400" ind1="1" ind2=" ">
    <subfield code="a">Moqadam, Maryam,</subfield>
    <subfield code="d">1969 or 1970-</subfield>
  </datafield>
  <datafield tag="400" ind1="1" ind2=" ">
    <subfield code="a">Moghaddam, Maryam,</subfield>
    <subfield code="d">1969 or 1970-</subfield>
  </datafield>
  <datafield tag="667" ind1=" " ind2=" ">
    <subfield code="a">Cannot identify with: n 2011209073: Muqaddam, Maryam</subfield>
  </datafield>
  <datafield tag="667" ind1=" " ind2=" ">
    <subfield code="a">Non-Latin script reference not evaluated.</subfield>
  </datafield>
  <datafield tag="670" ind1=" " ind2=" ">
    <subfield code="a">Sīnimā sīnimāst, 2005?:</subfield>
    <subfield code="b">container (مريم مقدم = Maryam Muqaddam, actor)</subfield>
  </datafield>
  <datafield tag="670" ind1=" " ind2=" ">
    <subfield code="a">IMDb, 3 Jan 2020:</subfield>
    <subfield code="b">(Maryam Moqadam; Maryam Moghaddam; is an actress and writer, known for Risk of Acid Rain (2015), yek taebir asheghane and The Legend of Love (2000))</subfield>
  </datafield>
  <datafield tag="670" ind1=" " ind2=" ">
    <subfield code="a">Persian Wikipedia, 3 Jan 2020:</subfield>
    <subfield code="b">(مريم مقدم = Maryam Muqaddam; b. 1348 [1969 or 1970] in Tehran, Iran; Iranian actress living in Sweden &amp; Iran)</subfield>
  </datafield>
</record>