
<record>
  <leader>00692nz  a2200181n  4500</leader>
  <controlfield tag="001">11258013</controlfield>
  <controlfield tag="003">DLC</controlfield>
  <controlfield tag="005">20200103164425.0</controlfield>
  <controlfield tag="008">200103n| azannaabn          |a aaa      </controlfield>
  <datafield tag="010" ind1=" " ind2=" ">
    <subfield code="a">n 2020000385</subfield>
  </datafield>
  <datafield tag="040" ind1=" " ind2=" ">
    <subfield code="a">DLC</subfield>
    <subfield code="b">eng</subfield>
    <subfield code="c">DLC</subfield>
    <subfield code="e">rda</subfield>
  </datafield>
  <datafield tag="100" ind1="1" ind2=" ">
    <subfield code="a">Tamani︠a︡n, K. G.</subfield>
    <subfield code="q">(Kamilla Gevorkovna)</subfield>
  </datafield>
  <datafield tag="400" ind1="1" ind2=" ">
    <subfield code="a">Tamani︠a︡n, Kamilla Gevorkovna</subfield>
  </datafield>
  <datafield tag="400" ind1="1" ind2=" ">
    <subfield code="a">Tʻamanyan, K. G.</subfield>
  </datafield>
  <datafield tag="400" ind1="1" ind2=" ">
    <subfield code="a">Tʻamanyan, Kamila Gevorgi</subfield>
  </datafield>
  <datafield tag="400" ind1="1" ind2=" ">
    <subfield code="a">Tamanyan, Kamilla G.</subfield>
  </datafield>
  <datafield tag="670" ind1=" " ind2=" ">
    <subfield code="a">Invazivnye i ėkspansivnye vidy rasteniĭ Armenii, 2014:</subfield>
    <subfield code="b">title page (K.G. Tamani︠a︡n) added title page (K.G. Tʻamanyan) colophon (Kamilla Gevorkovna Tamani︠a︡n; Kamila Gevorgi Tʻamanyan; Kamilla G. Tamanyan)</subfield>
  </datafield>
  <datafield tag="953" ind1=" " ind2=" ">
    <subfield code="a">cd24</subfield>
  </datafield>
</record>