
<record>
  <leader>00578nz  a2200157n  4500</leader>
  <controlfield tag="001">11258014</controlfield>
  <controlfield tag="003">DLC</controlfield>
  <controlfield tag="005">20200103164609.0</controlfield>
  <controlfield tag="008">200103n| azannaabn          |n aaa      </controlfield>
  <datafield tag="010" ind1=" " ind2=" ">
    <subfield code="a">n 2020000384</subfield>
  </datafield>
  <datafield tag="040" ind1=" " ind2=" ">
    <subfield code="a">DLC</subfield>
    <subfield code="b">eng</subfield>
    <subfield code="e">rda</subfield>
    <subfield code="c">DLC</subfield>
  </datafield>
  <datafield tag="053" ind1=" " ind2="0">
    <subfield code="a">PS3607.R54849</subfield>
  </datafield>
  <datafield tag="100" ind1="1" ind2=" ">
    <subfield code="a">Griffith, Barbara</subfield>
    <subfield code="q">(Barbara Gail)</subfield>
  </datafield>
  <datafield tag="378" ind1=" " ind2=" ">
    <subfield code="q">Barbara Gail</subfield>
  </datafield>
  <datafield tag="670" ind1=" " ind2=" ">
    <subfield code="a">Life as it happens, 2017:</subfield>
    <subfield code="b">title page (Barbara Griffith)</subfield>
  </datafield>
  <datafield tag="670" ind1=" " ind2=" ">
    <subfield code="a">Copyright catalog, viewed January 3, 2020</subfield>
    <subfield code="b">(Title: Life as it happens ; Copyright Claimant: Barbara Gail Griffith ; Authorship on Application: Citizenship: United States)</subfield>
  </datafield>
</record>