
<record>
  <leader>00622nz  a2200133n  4500</leader>
  <controlfield tag="001">11258015</controlfield>
  <controlfield tag="003">DLC</controlfield>
  <controlfield tag="005">20200103165020.0</controlfield>
  <controlfield tag="008">200103n| azannaabn          |n aaa      </controlfield>
  <datafield tag="010" ind1=" " ind2=" ">
    <subfield code="a">n 2020000386</subfield>
  </datafield>
  <datafield tag="040" ind1=" " ind2=" ">
    <subfield code="a">DLC</subfield>
    <subfield code="b">eng</subfield>
    <subfield code="e">rda</subfield>
    <subfield code="c">DLC</subfield>
  </datafield>
  <datafield tag="100" ind1="1" ind2=" ">
    <subfield code="a">Moore, Miriam</subfield>
    <subfield code="q">(Miriam P.)</subfield>
  </datafield>
  <datafield tag="670" ind1=" " ind2=" ">
    <subfield code="a">Real essays essentials, 2018:</subfield>
    <subfield code="b">title page (Miriam Moore, Lord Fairfax Community College)</subfield>
  </datafield>
  <datafield tag="670" ind1=" " ind2=" ">
    <subfield code="a">Lord Fairfax Community College website viewed, January 3, 2020:</subfield>
    <subfield code="b">News, Employees (Miriam P. Moore, Miriam began her instruction at LFCC in August of 2005 and achieved rank as professor of English and English as a Second Language in August of 2008.)</subfield>
  </datafield>
</record>