
<record>
  <leader>00597nz  a2200157n  4500</leader>
  <controlfield tag="001">11258016</controlfield>
  <controlfield tag="003">DLC</controlfield>
  <controlfield tag="005">20200103165459.0</controlfield>
  <controlfield tag="008">200103n| azannaabn          |a ana      </controlfield>
  <datafield tag="010" ind1=" " ind2=" ">
    <subfield code="a">n 2020000387</subfield>
  </datafield>
  <datafield tag="040" ind1=" " ind2=" ">
    <subfield code="a">DLC</subfield>
    <subfield code="b">eng</subfield>
    <subfield code="e">rda</subfield>
    <subfield code="c">DLC</subfield>
  </datafield>
  <datafield tag="110" ind1="2" ind2=" ">
    <subfield code="a">Bill Hardman Quintet</subfield>
  </datafield>
  <datafield tag="368" ind1=" " ind2=" ">
    <subfield code="a">Musical groups</subfield>
    <subfield code="2">lcsh</subfield>
  </datafield>
  <datafield tag="372" ind1=" " ind2=" ">
    <subfield code="a">Jazz</subfield>
    <subfield code="2">lcsh</subfield>
  </datafield>
  <datafield tag="410" ind1="2" ind2=" ">
    <subfield code="a">Hardman Quintet</subfield>
  </datafield>
  <datafield tag="670" ind1=" " ind2=" ">
    <subfield code="a">Bill Hardman Quintet. Saying something, ℗1986:</subfield>
    <subfield code="b">label (Bill Hardman Quintet) container (Bill Hardman, trumpet ; Sonny Redd (Kyner), alto saxophone ; Ronnie Matthews, piano ; Doug Watkins, bass ; Bob Cunningham, bass ; Jimmy Cobb, drums)</subfield>
  </datafield>
</record>