
<record>
  <leader>00554cz  a2200157n  4500</leader>
  <controlfield tag="001">11258017</controlfield>
  <controlfield tag="003">DLC</controlfield>
  <controlfield tag="005">20200103165900.0</controlfield>
  <controlfield tag="008">200103n| azannaabn          |a aaa      </controlfield>
  <datafield tag="010" ind1=" " ind2=" ">
    <subfield code="a">n 2020000388</subfield>
  </datafield>
  <datafield tag="040" ind1=" " ind2=" ">
    <subfield code="a">DLC</subfield>
    <subfield code="b">eng</subfield>
    <subfield code="e">rda</subfield>
    <subfield code="c">DLC</subfield>
  </datafield>
  <datafield tag="053" ind1=" " ind2="0">
    <subfield code="a">PS3623.E39325</subfield>
  </datafield>
  <datafield tag="100" ind1="1" ind2=" ">
    <subfield code="a">Webber, Laney</subfield>
  </datafield>
  <datafield tag="400" ind1="1" ind2=" ">
    <subfield code="a">Tusinski, Nancy</subfield>
  </datafield>
  <datafield tag="670" ind1=" " ind2=" ">
    <subfield code="a">Chapter on love, 2019:</subfield>
    <subfield code="b">title page (Laney Webber) page 4 of cover (lives in Vermont)</subfield>
  </datafield>
  <datafield tag="670" ind1=" " ind2=" ">
    <subfield code="a">Copyright catalog, viewed January 3, 2020</subfield>
    <subfield code="b">(Title: Chapter on love ; Authorship on Application: Laney Webber, pseud. of Nancy Tusinski)</subfield>
  </datafield>
</record>