
<record>
  <leader>01088cz  a2200193n  4500</leader>
  <controlfield tag="001">11258018</controlfield>
  <controlfield tag="003">DLC</controlfield>
  <controlfield tag="005">20200103170227.0</controlfield>
  <controlfield tag="008">200103n| azannaabn          |a aaa      </controlfield>
  <datafield tag="010" ind1=" " ind2=" ">
    <subfield code="a">n 2020000196</subfield>
  </datafield>
  <datafield tag="040" ind1=" " ind2=" ">
    <subfield code="a">DLC</subfield>
    <subfield code="b">eng</subfield>
    <subfield code="e">rda</subfield>
    <subfield code="c">DLC</subfield>
  </datafield>
  <datafield tag="100" ind1="1" ind2=" ">
    <subfield code="a">Toscano, Francesco,</subfield>
    <subfield code="d">1991-</subfield>
  </datafield>
  <datafield tag="370" ind1=" " ind2=" ">
    <subfield code="a">Caserta (Italy : Province</subfield>
    <subfield code="f">Naples (Italy)</subfield>
    <subfield code="f">Perugia (Italy)</subfield>
    <subfield code="2">naf</subfield>
  </datafield>
  <datafield tag="372" ind1=" " ind2=" ">
    <subfield code="a">Electronic journals</subfield>
    <subfield code="2">lcsh</subfield>
  </datafield>
  <datafield tag="373" ind1=" " ind2=" ">
    <subfield code="a">Università degli studi di Napoli &quot;L&apos;Orientale&quot;</subfield>
    <subfield code="2">naf</subfield>
  </datafield>
  <datafield tag="400" ind1="1" ind2=" ">
    <subfield code="a">Toscano, Francesco &quot;Tosky,&quot;</subfield>
    <subfield code="d">1991-</subfield>
  </datafield>
  <datafield tag="400" ind1="0" ind2=" ">
    <subfield code="a">Tosky,</subfield>
    <subfield code="d">1991-</subfield>
  </datafield>
  <datafield tag="670" ind1=" " ind2=" ">
    <subfield code="a">L&apos;arte di Eiichiro Oda, 2019:</subfield>
    <subfield code="b">title page (Francesco &quot;Tosky&quot; Toscano) back cover (Francesco Tosana, born 1991 in Caserta Province; laurea triennale in linguistic and cultural mediation from Univ. &quot;Orientale di Napoli; now studying public communication at Perugia; currently involvoled with development of &quot;One Piece.it,&quot; Italian website dedicated to works of Eiichiro Oda; a soccer enthusiast, he also writes for  &quot;Calcionews24&quot;; credentialed as &quot;giornalista pubblicista&quot;)</subfield>
  </datafield>
  <datafield tag="670" ind1=" " ind2=" ">
    <subfield code="a">Nerdgt.it (website), viewed Jan. 2, 2020:</subfield>
    <subfield code="b">autori (Tosky)</subfield>
  </datafield>
</record>