
<record>
  <leader>00382nz  a2200133n  4500</leader>
  <controlfield tag="001">11258019</controlfield>
  <controlfield tag="003">DLC</controlfield>
  <controlfield tag="005">20200103171014.0</controlfield>
  <controlfield tag="008">200103n| azannaabn          |n aaa      </controlfield>
  <datafield tag="010" ind1=" " ind2=" ">
    <subfield code="a">n 2020000389</subfield>
  </datafield>
  <datafield tag="040" ind1=" " ind2=" ">
    <subfield code="a">DLC</subfield>
    <subfield code="b">eng</subfield>
    <subfield code="e">rda</subfield>
    <subfield code="c">DLC</subfield>
  </datafield>
  <datafield tag="100" ind1="1" ind2=" ">
    <subfield code="a">King, M. P.</subfield>
    <subfield code="q">(Matthew Peter),</subfield>
    <subfield code="d">1773-1823.</subfield>
    <subfield code="t">Americans.</subfield>
    <subfield code="p">Overture</subfield>
  </datafield>
  <datafield tag="380" ind1=" " ind2=" ">
    <subfield code="a">Overtures</subfield>
    <subfield code="2">lcgft</subfield>
  </datafield>
  <datafield tag="670" ind1=" " ind2=" ">
    <subfield code="a">King, M.P. Overture to The Americans, 1811?</subfield>
  </datafield>
</record>