
<record>
  <leader>00411nz  a2200121n  4500</leader>
  <controlfield tag="001">11258020</controlfield>
  <controlfield tag="003">DLC</controlfield>
  <controlfield tag="005">20200103172532.0</controlfield>
  <controlfield tag="008">200103n| azannaabn          |n aaa      </controlfield>
  <datafield tag="010" ind1=" " ind2=" ">
    <subfield code="a">n 2020000391</subfield>
  </datafield>
  <datafield tag="040" ind1=" " ind2=" ">
    <subfield code="a">DLC</subfield>
    <subfield code="b">eng</subfield>
    <subfield code="e">rda</subfield>
    <subfield code="c">DLC</subfield>
  </datafield>
  <datafield tag="100" ind1="1" ind2=" ">
    <subfield code="a">Christie, Jeanne Marie,</subfield>
    <subfield code="d">1944-</subfield>
  </datafield>
  <datafield tag="670" ind1=" " ind2=" ">
    <subfield code="a">The women of City Point, Virginia, 1864-1865, 2020:</subfield>
    <subfield code="b">prepublication title page (Jeanne Marie Christie) application data (birth year: 1944)</subfield>
  </datafield>
</record>