
<record>
  <leader>00314nz  a2200121n  4500</leader>
  <controlfield tag="001">11258021</controlfield>
  <controlfield tag="003">DLC</controlfield>
  <controlfield tag="005">20200103172549.0</controlfield>
  <controlfield tag="008">200103n| azannaabn          |n aaa      </controlfield>
  <datafield tag="010" ind1=" " ind2=" ">
    <subfield code="a">n 2020000392</subfield>
  </datafield>
  <datafield tag="040" ind1=" " ind2=" ">
    <subfield code="a">DLC</subfield>
    <subfield code="b">en g</subfield>
    <subfield code="e">rda</subfield>
    <subfield code="c">DLC</subfield>
  </datafield>
  <datafield tag="100" ind1="1" ind2=" ">
    <subfield code="a">Farrán, Roque</subfield>
  </datafield>
  <datafield tag="670" ind1=" " ind2=" ">
    <subfield code="a">Teoría política, 2016:</subfield>
    <subfield code="b">title page (Roque Farrán)</subfield>
  </datafield>
</record>