
<record>
  <leader>01067nz  a2200217n  4500</leader>
  <controlfield tag="001">11258022</controlfield>
  <controlfield tag="003">DLC</controlfield>
  <controlfield tag="005">20200103173215.0</controlfield>
  <controlfield tag="008">200103n| azannaabn          |a aaa      </controlfield>
  <datafield tag="010" ind1=" " ind2=" ">
    <subfield code="a">n 2020000393</subfield>
  </datafield>
  <datafield tag="040" ind1=" " ind2=" ">
    <subfield code="a">DLC</subfield>
    <subfield code="b">eng</subfield>
    <subfield code="e">rda</subfield>
    <subfield code="c">DLC</subfield>
  </datafield>
  <datafield tag="100" ind1="1" ind2=" ">
    <subfield code="a">Maldonado Saucedo, Margarita</subfield>
  </datafield>
  <datafield tag="370" ind1=" " ind2=" ">
    <subfield code="c">Mexico</subfield>
    <subfield code="c">United States</subfield>
    <subfield code="2">naf</subfield>
  </datafield>
  <datafield tag="372" ind1=" " ind2=" ">
    <subfield code="a">Human development sciences</subfield>
  </datafield>
  <datafield tag="372" ind1=" " ind2=" ">
    <subfield code="a">Gerontology</subfield>
    <subfield code="2">lcsh</subfield>
  </datafield>
  <datafield tag="373" ind1=" " ind2=" ">
    <subfield code="a">Universidad del Valle de Atemajac</subfield>
    <subfield code="a">University of North Texas</subfield>
    <subfield code="2">naf</subfield>
  </datafield>
  <datafield tag="373" ind1=" " ind2=" ">
    <subfield code="a">Instituto Tecnológico de Estudios Superiores de Occidente (Guadalajara, Mexico)</subfield>
    <subfield code="2">naf</subfield>
    <subfield code="s">1989</subfield>
  </datafield>
  <datafield tag="374" ind1=" " ind2=" ">
    <subfield code="a">Gerontologists</subfield>
    <subfield code="2">lcsh</subfield>
  </datafield>
  <datafield tag="377" ind1=" " ind2=" ">
    <subfield code="a">spa</subfield>
  </datafield>
  <datafield tag="400" ind1="1" ind2=" ">
    <subfield code="a">Saucedo, Margarita Maldonado</subfield>
  </datafield>
  <datafield tag="670" ind1=" " ind2=" ">
    <subfield code="a">Vejez y envejecimiento, 2019:</subfield>
    <subfield code="b">t.p. (Margarita Maldonado Saucedo) p. 265 (doctorate in human development sciences from Univ. del Valle de Atemajac; specialization in gerontology from Univ. of North Texas; instructor at Inst. Tecnológico y de Estudios Superiores de Occidente, 1989-present; her current line of research is quality of life in the older adult in situation of poverty)</subfield>
  </datafield>
</record>