
<record>
  <leader>00377nz  a2200121n  4500</leader>
  <controlfield tag="001">11258023</controlfield>
  <controlfield tag="003">DLC</controlfield>
  <controlfield tag="005">20200103173544.0</controlfield>
  <controlfield tag="008">200103n| azannaabn          |n aaa      </controlfield>
  <datafield tag="010" ind1=" " ind2=" ">
    <subfield code="a">n 2020000395</subfield>
  </datafield>
  <datafield tag="040" ind1=" " ind2=" ">
    <subfield code="a">DLC</subfield>
    <subfield code="b">eng</subfield>
    <subfield code="e">rda</subfield>
    <subfield code="c">DLC</subfield>
  </datafield>
  <datafield tag="100" ind1="1" ind2=" ">
    <subfield code="a">Kronzonas, David E.</subfield>
    <subfield code="q">(David Ernesto)</subfield>
  </datafield>
  <datafield tag="670" ind1=" " ind2=" ">
    <subfield code="a">Emmanuel Levinas, 2015:</subfield>
    <subfield code="b">title page (David E. Kronzonas) page 4 of cover (David Ernesto Kronzonas)</subfield>
  </datafield>
</record>