
<record>
  <leader>00719nz  a2200169n  4500</leader>
  <controlfield tag="001">11258024</controlfield>
  <controlfield tag="003">DLC</controlfield>
  <controlfield tag="005">20200103173952.0</controlfield>
  <controlfield tag="008">200103n| azannaabn          |a aaa      </controlfield>
  <datafield tag="010" ind1=" " ind2=" ">
    <subfield code="a">n 2020000396</subfield>
  </datafield>
  <datafield tag="040" ind1=" " ind2=" ">
    <subfield code="a">DLC</subfield>
    <subfield code="b">eng</subfield>
    <subfield code="e">rda</subfield>
    <subfield code="c">DLC</subfield>
  </datafield>
  <datafield tag="100" ind1="1" ind2=" ">
    <subfield code="a">Järnefelt, Armas,</subfield>
    <subfield code="d">1869-1958.</subfield>
    <subfield code="t">Sången om den eldröda blommen</subfield>
  </datafield>
  <datafield tag="380" ind1=" " ind2=" ">
    <subfield code="a">Silent film music</subfield>
    <subfield code="2">lcgft</subfield>
  </datafield>
  <datafield tag="382" ind1="0" ind2=" ">
    <subfield code="a">orchestra</subfield>
    <subfield code="e">1</subfield>
    <subfield code="t">1</subfield>
    <subfield code="2">lcmpt</subfield>
  </datafield>
  <datafield tag="400" ind1="1" ind2=" ">
    <subfield code="a">Järnefelt, Armas,</subfield>
    <subfield code="d">1869-1958.</subfield>
    <subfield code="t">Song of the scarlet flower</subfield>
  </datafield>
  <datafield tag="400" ind1="1" ind2=" ">
    <subfield code="a">Järnefelt, Armas,</subfield>
    <subfield code="d">1869-1958.</subfield>
    <subfield code="t">Laulu tulipunaisesta kukasta</subfield>
  </datafield>
  <datafield tag="670" ind1=" " ind2=" ">
    <subfield code="a">Järnefelt, A. Song of the scarlet flower, 2019:</subfield>
    <subfield code="b">container (Song of the scarlet flower = Sången om den eldröda blommen = Laulu tulipunaisesta kukasta (silent film score))</subfield>
  </datafield>
</record>