
<record>
  <leader>00525nz  a2200145n  4500</leader>
  <controlfield tag="001">11258025</controlfield>
  <controlfield tag="003">DLC</controlfield>
  <controlfield tag="005">20200103174220.0</controlfield>
  <controlfield tag="008">200103n| azannaabn          |a aaa      </controlfield>
  <datafield tag="010" ind1=" " ind2=" ">
    <subfield code="a">n 2020000397</subfield>
  </datafield>
  <datafield tag="040" ind1=" " ind2=" ">
    <subfield code="a">DLC</subfield>
    <subfield code="b">eng</subfield>
    <subfield code="c">DLC</subfield>
    <subfield code="e">rda</subfield>
  </datafield>
  <datafield tag="100" ind1="0" ind2=" ">
    <subfield code="a">Eznik,</subfield>
    <subfield code="c">Koghbatsʻi, Bishop of Bagrewand,</subfield>
    <subfield code="d">active 5th century.</subfield>
    <subfield code="t">Eghts aghandotsʻ.</subfield>
    <subfield code="l">Russian</subfield>
  </datafield>
  <datafield tag="400" ind1="0" ind2=" ">
    <subfield code="a">Eznik,</subfield>
    <subfield code="c">Koghbatsʻi, Bishop of Bagrewand,</subfield>
    <subfield code="d">active 5th century.</subfield>
    <subfield code="t">Girkʻ herkʻmantsʻ</subfield>
  </datafield>
  <datafield tag="670" ind1=" " ind2=" ">
    <subfield code="a">Kniga oproverzheniĭ, 1968:</subfield>
    <subfield code="b">added title page (Girkʻ herkʻmantsʻ)</subfield>
  </datafield>
  <datafield tag="953" ind1=" " ind2=" ">
    <subfield code="a">cd24</subfield>
  </datafield>
</record>