
<record>
  <leader>00834nz  a2200193n  4500</leader>
  <controlfield tag="001">11258026</controlfield>
  <controlfield tag="003">DLC</controlfield>
  <controlfield tag="005">20200103174304.0</controlfield>
  <controlfield tag="008">200103n| azannaabn          |b aaa      </controlfield>
  <datafield tag="010" ind1=" " ind2=" ">
    <subfield code="a">n 2020000394</subfield>
  </datafield>
  <datafield tag="040" ind1=" " ind2=" ">
    <subfield code="a">DLC</subfield>
    <subfield code="b">eng</subfield>
    <subfield code="e">rda</subfield>
    <subfield code="c">DLC</subfield>
  </datafield>
  <datafield tag="046" ind1=" " ind2=" ">
    <subfield code="s">17</subfield>
  </datafield>
  <datafield tag="046" ind1=" " ind2=" ">
    <subfield code="g">1727~</subfield>
    <subfield code="2">edtf</subfield>
  </datafield>
  <datafield tag="100" ind1="1" ind2=" ">
    <subfield code="a">Račanin, Jerotej,</subfield>
    <subfield code="d">- approximately 1729</subfield>
  </datafield>
  <datafield tag="400" ind1="1" ind2=" ">
    <subfield code="a">Рачанин, Јеротеј,</subfield>
    <subfield code="d">- approximately 1729</subfield>
  </datafield>
  <datafield tag="667" ind1=" " ind2=" ">
    <subfield code="a">Non-Latin script reference not evaluated.</subfield>
  </datafield>
  <datafield tag="670" ind1=" " ind2=" ">
    <subfield code="a">Jerotej Račanin, Jovan Rajić, Mihajlo Maksimović, 2017:</subfield>
    <subfield code="b">title page (Јеротеј Рачанин, Jerotej Račanin)</subfield>
  </datafield>
  <datafield tag="670" ind1=" " ind2=" ">
    <subfield code="a">Jerotej Račanin, Jovan Rajić, Mihajlo Maksimović, 2017:</subfield>
    <subfield code="b">page 11 (druga polovina XVII stoleća - iz životnog vidika nestaje posle 1727)</subfield>
  </datafield>
  <datafield tag="670" ind1=" " ind2=" ">
    <subfield code="a">VIAF.org, Jan. 3, 2020:</subfield>
    <subfield code="b">(Рачанин, Ј. -ок.1727, Јеротеј)</subfield>
  </datafield>
</record>