
<record>
  <leader>00607nz  a2200157n  4500</leader>
  <controlfield tag="001">11258027</controlfield>
  <controlfield tag="003">DLC</controlfield>
  <controlfield tag="005">20200103174556.0</controlfield>
  <controlfield tag="008">200103n| azannaabn          |a ana      </controlfield>
  <datafield tag="010" ind1=" " ind2=" ">
    <subfield code="a">n 2020000398</subfield>
  </datafield>
  <datafield tag="040" ind1=" " ind2=" ">
    <subfield code="a">DLC</subfield>
    <subfield code="b">eng</subfield>
    <subfield code="e">rda</subfield>
    <subfield code="c">DLC</subfield>
  </datafield>
  <datafield tag="130" ind1=" " ind2="0">
    <subfield code="a">Sången om den eldröda blommen (Motion picture)</subfield>
  </datafield>
  <datafield tag="380" ind1=" " ind2=" ">
    <subfield code="a">Silent films</subfield>
    <subfield code="2">lcgft</subfield>
  </datafield>
  <datafield tag="430" ind1=" " ind2="0">
    <subfield code="a">Song of the scarlet flower (Motion picture)</subfield>
  </datafield>
  <datafield tag="430" ind1=" " ind2="0">
    <subfield code="a">Laulu tulipunaisesta kukasta (Motion picture)</subfield>
  </datafield>
  <datafield tag="670" ind1=" " ind2=" ">
    <subfield code="a">Järnefelt, A. Song of the scarlet flower, 2019:</subfield>
    <subfield code="b">container (Sången om den eldröda blommen = Song of the scarlet flower = Laulu tulipunaisesta kukasta)</subfield>
  </datafield>
</record>