
<record>
  <leader>00387nz  a2200133n  4500</leader>
  <controlfield tag="001">11258028</controlfield>
  <controlfield tag="003">DLC</controlfield>
  <controlfield tag="005">20200103180913.0</controlfield>
  <controlfield tag="008">200103n| azannaabn          |n aaa      </controlfield>
  <datafield tag="010" ind1=" " ind2=" ">
    <subfield code="a">n 2020000399</subfield>
  </datafield>
  <datafield tag="040" ind1=" " ind2=" ">
    <subfield code="a">DLC</subfield>
    <subfield code="b">eng</subfield>
    <subfield code="e">rda</subfield>
    <subfield code="c">DLC</subfield>
  </datafield>
  <datafield tag="100" ind1="1" ind2=" ">
    <subfield code="a">Wasiuta, Olga</subfield>
  </datafield>
  <datafield tag="670" ind1=" " ind2=" ">
    <subfield code="a">Media jako instrument wpływu informacyjnego i manipulacji społeczeństwem, 2019:</subfield>
    <subfield code="b">title page (Olga Wasiuta)</subfield>
  </datafield>
  <datafield tag="953" ind1=" " ind2=" ">
    <subfield code="a">fc06</subfield>
  </datafield>
</record>