
<record>
  <leader>00928nz  a2200193n  4500</leader>
  <controlfield tag="001">11258029</controlfield>
  <controlfield tag="003">DLC</controlfield>
  <controlfield tag="005">20200103182701.0</controlfield>
  <controlfield tag="008">200103n| azannaabn          |n ana      </controlfield>
  <datafield tag="010" ind1=" " ind2=" ">
    <subfield code="a">n 2020000400</subfield>
  </datafield>
  <datafield tag="040" ind1=" " ind2=" ">
    <subfield code="a">DLC</subfield>
    <subfield code="b">eng</subfield>
    <subfield code="e">rda</subfield>
    <subfield code="c">DLC</subfield>
  </datafield>
  <datafield tag="046" ind1=" " ind2=" ">
    <subfield code="s">2015-09</subfield>
    <subfield code="2">edtf</subfield>
  </datafield>
  <datafield tag="110" ind1="2" ind2=" ">
    <subfield code="a">Corporación Centro de Memoria Getsemaní</subfield>
  </datafield>
  <datafield tag="368" ind1=" " ind2=" ">
    <subfield code="a">Nonprofit organization</subfield>
  </datafield>
  <datafield tag="370" ind1=" " ind2=" ">
    <subfield code="e">Cartagena (Colombia)</subfield>
  </datafield>
  <datafield tag="371" ind1=" " ind2=" ">
    <subfield code="m">centrodememoriagetsemani@gmail.com</subfield>
  </datafield>
  <datafield tag="377" ind1=" " ind2=" ">
    <subfield code="a">spa</subfield>
  </datafield>
  <datafield tag="670" ind1=" " ind2=" ">
    <subfield code="a">Patrimoniando, 2019-03-04:</subfield>
    <subfield code="b">title page (Corporación Centro de Memoria Getsemaní) title page verso (located in Cartagena; centrodememoriagetsemani@gmail.com)</subfield>
  </datafield>
  <datafield tag="670" ind1=" " ind2=" ">
    <subfield code="a">Corporación Centro de Memoria Getsemaní Facebook page, January 3, 2020:</subfield>
    <subfield code="b">(Corporación Centro de Memoria Getsemaní; located in Cartagena, Colombia; founded September 2015; nonprofit organization)</subfield>
    <subfield code="u">https://es-la.facebook.com/pg/CentrodeMemoriaGetsemani.1572/about/?ref=page_internal</subfield>
  </datafield>
</record>