
<record>
  <leader>00409cz  a2200133n  4500</leader>
  <controlfield tag="001">11258030</controlfield>
  <controlfield tag="003">DLC</controlfield>
  <controlfield tag="005">20200103183506.0</controlfield>
  <controlfield tag="008">200103n| azannaabn          |n aaa      </controlfield>
  <datafield tag="010" ind1=" " ind2=" ">
    <subfield code="a">n 2020000401</subfield>
    <subfield code="z">n 2002041610</subfield>
  </datafield>
  <datafield tag="040" ind1=" " ind2=" ">
    <subfield code="a">DLC</subfield>
    <subfield code="b">eng</subfield>
    <subfield code="e">rda</subfield>
    <subfield code="c">DLC</subfield>
  </datafield>
  <datafield tag="100" ind1="1" ind2=" ">
    <subfield code="a">Falkner, James</subfield>
  </datafield>
  <datafield tag="667" ind1=" " ind2=" ">
    <subfield code="a">Formerly on undifferentiated name record: n 2002041610</subfield>
  </datafield>
  <datafield tag="670" ind1=" " ind2=" ">
    <subfield code="a">Farm tenancies, 1997:</subfield>
    <subfield code="b">t.p. (James Falkner) BL AL sent 12 Nov. 2003</subfield>
  </datafield>
</record>