
<record>
  <leader>00416nz  a2200133n  4500</leader>
  <controlfield tag="001">11258032</controlfield>
  <controlfield tag="003">DLC</controlfield>
  <controlfield tag="005">20200103192702.0</controlfield>
  <controlfield tag="008">200103n| azannaabn          |a aaa      </controlfield>
  <datafield tag="010" ind1=" " ind2=" ">
    <subfield code="a">n 2020000404</subfield>
  </datafield>
  <datafield tag="040" ind1=" " ind2=" ">
    <subfield code="a">DLC</subfield>
    <subfield code="b">eng</subfield>
    <subfield code="e">rda</subfield>
    <subfield code="c">DLC</subfield>
  </datafield>
  <datafield tag="100" ind1="1" ind2=" ">
    <subfield code="a">Chávez Frías, Hugo.</subfield>
    <subfield code="t">Works.</subfield>
    <subfield code="k">Selections.</subfield>
    <subfield code="f">2008</subfield>
  </datafield>
  <datafield tag="400" ind1="1" ind2=" ">
    <subfield code="a">Chávez Frías, Hugo.</subfield>
    <subfield code="t">Con el ALBA despiertan los pueblos.</subfield>
    <subfield code="f">2008</subfield>
  </datafield>
  <datafield tag="670" ind1=" " ind2=" ">
    <subfield code="a">Con el ALBA despiertan los pueblos, 2008</subfield>
  </datafield>
</record>