
<record>
  <leader>01074nz  a2200193n  4500</leader>
  <controlfield tag="001">11258033</controlfield>
  <controlfield tag="003">DLC</controlfield>
  <controlfield tag="005">20200103194149.0</controlfield>
  <controlfield tag="008">200103n| azannaabn          |a ana      </controlfield>
  <datafield tag="010" ind1=" " ind2=" ">
    <subfield code="a">n 2020000405</subfield>
  </datafield>
  <datafield tag="040" ind1=" " ind2=" ">
    <subfield code="a">DLC</subfield>
    <subfield code="b">eng</subfield>
    <subfield code="e">rda</subfield>
    <subfield code="c">DLC</subfield>
  </datafield>
  <datafield tag="046" ind1=" " ind2=" ">
    <subfield code="s">2008-01-24</subfield>
    <subfield code="t">2008-01-26</subfield>
    <subfield code="2">edtf</subfield>
  </datafield>
  <datafield tag="110" ind1="2" ind2=" ">
    <subfield code="a">Alternativa Bolivariana para los Pueblos de Nuestra América (Organization).</subfield>
    <subfield code="b">Cumbre Presidencial</subfield>
    <subfield code="n">(6th :</subfield>
    <subfield code="d">2008 :</subfield>
    <subfield code="c">Caracas, Venezuela)</subfield>
  </datafield>
  <datafield tag="368" ind1=" " ind2=" ">
    <subfield code="a">Congresses</subfield>
    <subfield code="2">lcsh</subfield>
  </datafield>
  <datafield tag="370" ind1=" " ind2=" ">
    <subfield code="e">Caracas (Venezuela)</subfield>
    <subfield code="2">naf</subfield>
  </datafield>
  <datafield tag="377" ind1=" " ind2=" ">
    <subfield code="a">spa</subfield>
  </datafield>
  <datafield tag="410" ind1="2" ind2=" ">
    <subfield code="a">Alternativa Bolivariana para los Pueblos de Nuestra América (Organization).</subfield>
    <subfield code="b">Cumbre</subfield>
    <subfield code="n">(6th :</subfield>
    <subfield code="d">2008 :</subfield>
    <subfield code="c">Caracas, Venezuela)</subfield>
  </datafield>
  <datafield tag="670" ind1=" " ind2=" ">
    <subfield code="a">ALBA-TCPEl : amanecer de los pueblos, 2009:</subfield>
    <subfield code="b">page 33 (VI Cumbre of ALBA; held January 24-26, 2008 in Caracas)</subfield>
    <subfield code="u">http://www.cancilleria.gob.bo/webmre/sites/default/files/libros/Alba-tcp%20el%20amanecer%20de%20los%20pueblos.pdf</subfield>
  </datafield>
  <datafield tag="670" ind1=" " ind2=" ">
    <subfield code="a">Con el ALBA despiertan los pueblos, 2008:</subfield>
    <subfield code="b">title page (VI Cumbre Presidencial of the Alternativa Bolivariana para los pueblos de nuestra América (ALBA); held January 26, 2008)</subfield>
  </datafield>
</record>