
<record>
  <leader>00557cz  a2200145n  4500</leader>
  <controlfield tag="001">11258035</controlfield>
  <controlfield tag="003">DLC</controlfield>
  <controlfield tag="005">20200103212129.0</controlfield>
  <controlfield tag="008">200103n| azannaabn          |b aaa      </controlfield>
  <datafield tag="010" ind1=" " ind2=" ">
    <subfield code="a">n 2020000406</subfield>
  </datafield>
  <datafield tag="040" ind1=" " ind2=" ">
    <subfield code="a">DLC</subfield>
    <subfield code="b">eng</subfield>
    <subfield code="e">rda</subfield>
    <subfield code="c">DLC</subfield>
  </datafield>
  <datafield tag="100" ind1="1" ind2=" ">
    <subfield code="a">Shalawī, ʻAbd al-Fattāḥ Būrawāq</subfield>
  </datafield>
  <datafield tag="400" ind1="1" ind2=" ">
    <subfield code="a">‏شلوي، عبد الفتاح بورواق.</subfield>
  </datafield>
  <datafield tag="667" ind1=" " ind2=" ">
    <subfield code="a">Non-Latin script reference not evaluated.</subfield>
  </datafield>
  <datafield tag="670" ind1=" " ind2=" ">
    <subfield code="a">Asrār taḥta qubbat al-barlamān, 2015:</subfield>
    <subfield code="b">title page (عبد الفتاح بورواق الشلوي = ʻAbd al-Fattāḥ Būrawāq al-Shalawī)</subfield>
  </datafield>
</record>