
<record>
  <leader>00620nz  a2200181n  4500</leader>
  <controlfield tag="001">11258036</controlfield>
  <controlfield tag="003">DLC</controlfield>
  <controlfield tag="005">20200103221724.0</controlfield>
  <controlfield tag="008">200103n| azannaabn          |n aaa      </controlfield>
  <datafield tag="010" ind1=" " ind2=" ">
    <subfield code="a">n 2020228000</subfield>
  </datafield>
  <datafield tag="040" ind1=" " ind2=" ">
    <subfield code="a">DLC</subfield>
    <subfield code="b">eng</subfield>
    <subfield code="c">DLC</subfield>
    <subfield code="e">rda</subfield>
  </datafield>
  <datafield tag="100" ind1="1" ind2=" ">
    <subfield code="a">Kaur, Daleleer Randawar</subfield>
  </datafield>
  <datafield tag="370" ind1=" " ind2=" ">
    <subfield code="c">Malaysia</subfield>
  </datafield>
  <datafield tag="372" ind1=" " ind2=" ">
    <subfield code="a">Laws</subfield>
  </datafield>
  <datafield tag="374" ind1=" " ind2=" ">
    <subfield code="a">Lecturer</subfield>
  </datafield>
  <datafield tag="375" ind1=" " ind2=" ">
    <subfield code="a">female</subfield>
  </datafield>
  <datafield tag="377" ind1=" " ind2=" ">
    <subfield code="a">may</subfield>
  </datafield>
  <datafield tag="670" ind1=" " ind2=" ">
    <subfield code="a">Family law in Malaysia, 2018:</subfield>
    <subfield code="b">title page (Daleleer Kaur Randawar) page v (Daleleer Kaur Randawar, Ph.D., senior lecturer, UiTM; Legal practitioner; major research interest in family law, children&apos;s rights, women&apos;s rights and gender issues)</subfield>
  </datafield>
</record>