
<record>
  <leader>00786nz  a2200217n  4500</leader>
  <controlfield tag="001">11258038</controlfield>
  <controlfield tag="003">DLC</controlfield>
  <controlfield tag="005">20200103223916.0</controlfield>
  <controlfield tag="008">200103n| azannaabn          |a aaa      </controlfield>
  <datafield tag="010" ind1=" " ind2=" ">
    <subfield code="a">n 2020228002</subfield>
  </datafield>
  <datafield tag="040" ind1=" " ind2=" ">
    <subfield code="a">DLC</subfield>
    <subfield code="b">eng</subfield>
    <subfield code="c">DLC</subfield>
    <subfield code="e">rda</subfield>
  </datafield>
  <datafield tag="100" ind1="0" ind2=" ">
    <subfield code="a">Akbar Kamarudin @ Abdul Shukor</subfield>
  </datafield>
  <datafield tag="370" ind1=" " ind2=" ">
    <subfield code="c">Malaysia</subfield>
  </datafield>
  <datafield tag="373" ind1=" " ind2=" ">
    <subfield code="a">Universiti Teknologi MARA</subfield>
    <subfield code="2">naf</subfield>
  </datafield>
  <datafield tag="374" ind1=" " ind2=" ">
    <subfield code="a">Lecturers</subfield>
  </datafield>
  <datafield tag="375" ind1=" " ind2=" ">
    <subfield code="a">male</subfield>
  </datafield>
  <datafield tag="377" ind1=" " ind2=" ">
    <subfield code="a">may</subfield>
  </datafield>
  <datafield tag="400" ind1="1" ind2=" ">
    <subfield code="a">Abdul Shukor, Akbar Kamarudin @</subfield>
  </datafield>
  <datafield tag="400" ind1="1" ind2=" ">
    <subfield code="a">Kamarudin @ Abdul Shukor, Akbar</subfield>
  </datafield>
  <datafield tag="400" ind1="1" ind2=" ">
    <subfield code="a">Shukor, Akbar Kamarudin @ Abdul</subfield>
  </datafield>
  <datafield tag="670" ind1=" " ind2=" ">
    <subfield code="a">Family law in Malaysia, 2018:</subfield>
    <subfield code="b">title page (Akbar Kamarudin @ Abdul Shukor) page v (Akbar Kamarudin @ Abdul Shukor, Ph.D., Senior lecturer at UiTM, teaching various law subjects; research expertise in civil and Islamic family laws)</subfield>
  </datafield>
</record>