
<record>
  <leader>00671cz  a2200181n  4500</leader>
  <controlfield tag="001">11258039</controlfield>
  <controlfield tag="003">DLC</controlfield>
  <controlfield tag="005">20200103231345.0</controlfield>
  <controlfield tag="008">200103n| azannaabn          |n aaa      </controlfield>
  <datafield tag="010" ind1=" " ind2=" ">
    <subfield code="a">n 2020228003</subfield>
  </datafield>
  <datafield tag="040" ind1=" " ind2=" ">
    <subfield code="a">DLC</subfield>
    <subfield code="b">eng</subfield>
    <subfield code="c">DLC</subfield>
    <subfield code="e">rda</subfield>
    <subfield code="d">DLC</subfield>
  </datafield>
  <datafield tag="100" ind1="1" ind2=" ">
    <subfield code="a">Chin, Chris Shang Yoon</subfield>
  </datafield>
  <datafield tag="370" ind1=" " ind2=" ">
    <subfield code="c">Malaysia</subfield>
  </datafield>
  <datafield tag="374" ind1=" " ind2=" ">
    <subfield code="a">Laws</subfield>
  </datafield>
  <datafield tag="375" ind1=" " ind2=" ">
    <subfield code="a">male</subfield>
  </datafield>
  <datafield tag="377" ind1=" " ind2=" ">
    <subfield code="a">may</subfield>
    <subfield code="a">eng</subfield>
  </datafield>
  <datafield tag="400" ind1="1" ind2=" ">
    <subfield code="a">Yoon, Chris Chin Shang</subfield>
  </datafield>
  <datafield tag="670" ind1=" " ind2=" ">
    <subfield code="a">Handbook on family law practice in Malaysia, 2019:</subfield>
    <subfield code="b">title page (Chris Chin Shang Yoon) page vii (Chris Chin Shang Yoon; advocate and solicitor, High Court of Malaya; experience in both contentious and non-contentious family law matters, commercial law and corporate law)</subfield>
  </datafield>
</record>