
<record>
  <leader>00654nz  a2200169n  4500</leader>
  <controlfield tag="001">11258040</controlfield>
  <controlfield tag="003">DLC</controlfield>
  <controlfield tag="005">20200103232428.0</controlfield>
  <controlfield tag="008">200103n| azannaabn          |n aaa      </controlfield>
  <datafield tag="010" ind1=" " ind2=" ">
    <subfield code="a">n 2020228004</subfield>
  </datafield>
  <datafield tag="040" ind1=" " ind2=" ">
    <subfield code="a">DLC</subfield>
    <subfield code="b">eng</subfield>
    <subfield code="c">DLC</subfield>
    <subfield code="e">rda</subfield>
  </datafield>
  <datafield tag="100" ind1="1" ind2=" ">
    <subfield code="a">Wong, Fion Sook Ling</subfield>
  </datafield>
  <datafield tag="370" ind1=" " ind2=" ">
    <subfield code="c">Malaysia</subfield>
  </datafield>
  <datafield tag="374" ind1=" " ind2=" ">
    <subfield code="a">Lawyer</subfield>
  </datafield>
  <datafield tag="375" ind1=" " ind2=" ">
    <subfield code="a">female</subfield>
  </datafield>
  <datafield tag="377" ind1=" " ind2=" ">
    <subfield code="a">may</subfield>
  </datafield>
  <datafield tag="670" ind1=" " ind2=" ">
    <subfield code="a">Handbook on family law practice in Malaysia, 2019:</subfield>
    <subfield code="b">title page (Fion Wong Sook Ling) page vii (Fion Wong Sook Ling; advocate and solicitor, High Court of Malaya; focused to family law not only in contentious and non-contentios divorce cases, cross-border child abduction and international family law)</subfield>
  </datafield>
</record>